2378 3564
518 303 630 346 τοο.
657 284 765 348 DE
773 278 984 350 MOTI
985 278 1087 344 BV
1084 278 1125 341 S
1138 274 1425 339 OSCILL.
1439 276 1652 342 CORP.
1670 281 1782 341 HV
1780 277 1887 345 Mt
1891 276 2003 344 DO
2015 275 2265 345 INsm‘„

1315 434 1362 501 §.
1406 452 1468 501 4.

670 526 786 584 Iam
830 537 961 581 'vero
1002 523 1148 581 nobis
1189 523 1291 578 duo
1334 519 1397 575 ab
1439 518 1660 572 inuicem
1707 515 2035 588 distinguendi
2058 523 2268 579 veniunt

513 611 642 669 casus
667 657 683 684 ,
728 627 947 685 quorum
990 613 1178 685 primus
1223 608 1294 662 est
1322 651 1338 678 ‚
1378 621 1530 677 quum
1559 603 1626 657 est
1649 601 1879 656 Aur-:0
1907 645 1922 671 ,
1946 606 1996 658 id
2022 608 2121 678 est,
2145 625 2267 665 cum

517 697 583 752 ab
628 711 826 753 mutato
872 698 1005 770 plani
1045 696 1136 750 situ
1162 739 1176 766 ,
1216 707 1444 748 centrum
1487 689 1739 763 grauitatis
1787 687 1951 760 plani,
1983 687 2137 743 *situm
2162 710 2270 748 non

517 796 724 854 mutat,
773 784 906 854 isque
948 783 1145 836 obtinet
1173 824 1188 851 ‚
1231 797 1347 835 cum
1394 777 1526 831 linea
1594 773 1843 827 verticalis
1887 773 1931 827 Α
1957 773 2006 829 R
2051 771 2177 826 secat
2218 776 2276 829 li-

514 884 670 921 neam
717 864 823 921 FG
891 866 1114 919 bifitriam
1144 908 1159 932 ,
1226 865 1340 933 quia
1379 875 1495 915 tunc
1559 858 1618 913 fit
1662 858 1780 916 HN
1805 874 1977 929 :03
2034 852 2278 927 fhcundus

514 952 647 1002 casus
692 950 801 1018 est,
847 949 938 1001 vbi
981 947 1289 1000 contrarium
1335 944 1413 998 fit.
1501 941 1562 995 In
1582 943 1777 1012 ,primo
1818 945 1927 995 casu
1950 944 2155 1012 planum
2187 945 2276 998 du-

514 1046 654 1088 rante
697 1033 807 1088 situs
847 1032 913 1087 sui
957 1032 1238 1087 mutatione
1292 1027 1585 1100 simpliciter
1647 1026 1778 1080 circa
1846 1024 1983 1079 iilum
2051 1040 2278 1084 centrum

514 1119 765 1188 grauitatis
829 1129 1020 1170 rotatur
1042 1159 1057 1186 ‚
1102 1128 1154 1169 et
1207 1114 1369 1168 statim
1413 1130 1470 1166 ac
1515 1112 1774 1183 potentiae
1841 1127 1990 1183 agere
2056 1113 2282 1184 ceffint',

516 1201 726 1272 planum
774 1202 995 1256 motibus
1036 1200 1304 1272 reciprocis
1345 1193 1474 1252 circa
1518 1210 1746 1250 centrum
1806 1198 2060 1271 grauitatis
2121 1201 2283 1270 agita-

520 1285 670 1341 bitur.
757 1285 819 1340 In
864 1288 1020 1341 altero
1060 1284 1168 1340 casu
1209 1283 1496 1338 cessantibus
1535 1283 1774 1352 potentiis
1798 1326 1812 1351 ‚
1863 1282 2072 1352 planum
2129 1296 2282 1339 motu

521 1373 783 1444 agitabitur
826 1373 1035 1438 mixto,
1081 1371 1237 1424 altero
1281 1367 1585 1422 oscillatorio
1624 1380 1677 1419 et
1718 1367 1966 1419 rotatorio
2008 1368 2135 1422 circa
2159 1386 2281 1424 cen·

520 1467 657 1510 trum
703 1458 956 1527 grauitatis
979 1499 996 1532 3
1038 1455 1196 1507 altero
1237 1453 1465 1506 verticali
1506 1465 1557 1504 et
1599 1449 1835 1521 parallelo
1860 1492 1874 1518 ‚
1920 1467 2024 1521 quo
2067 1452 2280 1522 planum

520 1539 716 1594 alternis
756 1537 947 1592 vicibus
991 1536 1243 1593 descendit
1282 1548 1426 1605 atque
1480 1533 1706 1587 ascendit.
1816 1532 1879 1585 In
1947 1535 2104 1603 priori
2170 1539 2281 1593 casu

521 1622 846 1678 oscillationes
888 1624 1023 1697 plani
1068 1638 1246 1676 omnes
1269 1664 1284 1692 ,
1328 1619 1426 1674 siue
1472 1618 1688 1672 maiores
1735 1616 1832 1671 fiue
1884 1617 2108 1670 minores
2173 1617 2283 1674 sunt

522 1709 791 1765 necessario
834 1708 1170 1778 isochronae3
1212 1718 1263 1760 at
1306 1721 1434 1759 vero
1476 1704 1529 1756 in
1570 1701 1676 1757 casu
1719 1701 1936 1756 secundo
1990 1701 2284 1773 agitationes

523 1810 629 1849 non
672 1795 762 1850 nisi
802 1807 941 1850 certo
982 1794 1035 1848 in
1078 1791 1185 1846 casu
1229 1791 1336 1845 sunt
1379 1788 1713 1861 issachronae3
1779 1787 1871 1842 nifi
1923 1787 2062 1842 enim
2130 1787 2285 1842 ambo

523 1893 695 1936 motus
723 1917 738 1947 ‚
787 1898 855 1936 ex
896 1880 1069 1951 quibus
1108 1877 1226 1931 istae
1271 1874 1568 1945 agitationes
1610 1884 2026 1947 componuntur,
2070 1870 2196 1927 inter
2227 1873 2286 1926 le

523 1964 841 2020 tautochroni
887 1965 1013 2017 fiant
1039 2007 1053 2032 ,
1095 1975 1155 2014 vt
1200 1960 1385 2012 eodem
1413 1956 1720 2011 absoluantur
1743 1972 1977 2023 tempore
2001 1981 2025 2014 ,ι
2043 1971 2142 2005 non
2165 1967 2287 2022 pos·-

522 2051 628 2103 sunt
672 2062 776 2104 non
819 2049 1111 2120 agitationes
1153 2044 1250 2098 effe
1292 2041 1441 2095 valde
1484 2038 1783 2108 irregulares.
1872 2033 1945 2086 Vt
1967 2031 2140 2085 ordine
2164 2051 2283 2105 prou

523 2135 702 2186 cedam
730 2177 744 2205 ,
811 2135 1051 2209 incipiam
1105 2146 1135 2185 a
1201 2124 1309 2183 casu
1374 2122 1534 2203 priori
1564 2163 1579 2194 ,
1644 2122 1724 2177 cui
1790 2117 1991 2192 sequens
2059 2116 2286 2174 inseruiet

522 2217 734 2276 lemma.

1325 2302 1372 2368 ς.
1424 2311 1479 2366 ς.

1209 2382 1560 2464 Lemma.

678 2506 853 2583 Quum
900 2504 1108 2579 planum
1153 2501 1195 2557 F
1220 2501 1267 2556 E
1290 2497 1341 2556 G
1392 2497 1614 2572 potentia
1637 2503 1886 2566 vtcunque
1914 2490 2163 2566 applicata
2187 2487 2281 2544 cit·-

522 2610 581 2649 ca
628 2593 871 2666 punctum
919 2592 970 2646 A
1015 2600 1290 2654 mouetur,
1333 2596 1502 2640 motus
1544 2581 1720 2637 eadem
1792 2577 1882 2632 fiet
1923 2579 2038 2648 lege
2063 2618 2079 2644 ‚
2146 2590 2204 2628 ac
2246 2571 2283 2631 fi

522 2680 594 2734 illi
639 2679 787 2750 plano
831 2677 1141 2733 substituatur
1186 2673 1435 2745 punCtum
1481 2685 1628 2740 graue
1676 2667 1728 2718 in
1771 2664 1821 2717 R
1849 2704 1863 2729 ,
1930 2660 2064 2713 cuius
2129 2658 2285 2714 massa

521 2765 593 2818 ita
635 2763 771 2817 fuerit-
816 2763 1162 2816 determinata.
1252 2753 1487 2810 Sumatur
1531 2764 1721 2819 nempe
1787 2757 2118 2816 aggregatum
2184 2743 2283 2801 sm-

524 2850 748 2921 galatum
795 2845 1145 2918 particularum
1191 2840 1391 2911 planum
1438 2831 1856 2905 componentium
1926 2828 2288 2902 multiplicata-

524 2949 635 2987 rum
684 2948 774 3003 per
813 2930 1107 3001 quadratum
1154 2925 1258 2978 suae
1300 2919 1548 3003 distantiae
1590 2935 1620 2975 a
1662 2914 1858 2994 punfto
1898 2915 1952 2974 A
2006 2926 2061 2971 et
2103 2909 2289 2969 diuisa·

517 3033 634 3076 nim
673 3032 765 3095 per
807 3015 1101 3093 quadratum
1143 3010 1198 3067 A
1221 3009 1292 3068 R.
1914 3026 1916 3034 ‘
2161 2995 2281 3071 Det
