2378 3564
461 281 577 348 308
621 266 891 337 DESCR.
917 263 1018 328 ΕΤ
1035 257 1224 327 ICON
1249 255 1503 323 NOVAE
1526 259 1875 326 BERMVD.
1902 254 2222 329 SPEC'OET.

454 441 595 488 mate
615 430 673 483 in
696 425 778 481 sex
801 424 1059 497 segmenta
1081 419 1287 477 dissesto
1302 436 1319 492 ς,
1333 412 1599 473 seminibus
1620 431 1722 470 non
1743 415 1943 490 saepius,
1954 434 2015 477 vt
2035 423 2224 497 scribit,

452 514 699 580 solitariisi,
736 510 816 566 sed
842 510 1058 583 pluribus
1091 508 1286 579 semper
1319 505 1372 558 in
1397 500 1596 573 singulis
1638 500 1823 557 fructus
1846 503 2212 566 loculamentis.

453 599 651 654 Verum
675 597 712 652 fi
736 613 917 652 omnes
938 594 1025 650 has
1057 596 1293 648 minutias
1329 590 1390 644 ad
1415 587 1756 642 constituenda
1778 603 1963 660 genera
1985 591 2218 650 adhibere

454 684 677 742 velimus
702 726 717 752 ‚
760 693 840 736 tot
863 695 1004 735 erunt
1027 694 1209 752 genera
1233 720 1249 747 ‚
1294 688 1420 749 quot
1444 672 1552 728 sunt
1574 670 1855 744 plantarum
1880 671 2077 745 speeies·
2200 667 2202 669 Ι

612 778 791 838 Retuli
833 777 1114 848 elegantem
1160 773 1290 827 hanc
1335 770 1563 842 plantam
1607 770 1671 825 ad
1710 765 2080 828 Bermudianae
2130 790 2222 848 ge.

458 884 548 925 nus
589 884 623 921 a
659 861 1019 916 Tournefortio
1064 859 1236 930 primo
1275 854 1545 910 definitum
1587 867 1639 909 et
1678 871 1707 909 a
1752 853 1979 911 Dillenio
2030 859 2222 917 confir.

458 965 660 1007 matum
687 988 703 1015 ‚
759 945 933 1017 postea
976 957 1098 996 vero
1140 958 1170 997 a
1211 938 1443 995 Linnaeo
1494 939 1579 994 sub
1602 939 1731 1010 ali0,
1757 937 2045 1008 Sisyrinchii
2068 960 2220 1001 nem-

460 1049 529 1106 pe
571 1031 718 1087 titulo
760 1029 816 1083 in
840 1029 1102 1101 generibus
1143 1024 1232 1081 suis
1276 1025 1560 1098 plantarum
1603 1022 1903 1096 descriptum
1930 1067 1946 1094 ,
1990 1029 2104 1100 quia
2129 1036 2224 1102 pe.'

455 1120 678 1174 talorum
723 1130 943 1169 numero
968 1155 985 1182 ‚
1011 1113 1181 1182 calyce
1222 1112 1306 1165 vel
1345 1109 1634 1179 embryone
1673 1125 1769 1163 ceu
1821 1107 1971 1164 futuri
2034 1111 2224 1175 studius

456 1203 750 1260 rudimento
793 1215 913 1254 cum
956 1213 1022 1252 eo
1062 1196 1319 1251 conuenit.
1366 1195 1612 1269 Reliquae
1652 1193 1961 1251 differentiae
2000 1194 2220 1273 speciem

457 1303 563 1345 non
606 1302 763 1360 genus
807 1283 1168 1339 determinant.

542 1415 549 1419 ,
618 1369 754 1425 Haec
797 1370 948 1441 igitur
992 1365 1358 1422 Bermudianae
1399 1361 1582 1434 species
1606 1405 1622 1433 ‚
1687 1376 1750 1417 vt
1795 1366 1969 1424 clarius
2010 1369 2075 1427 ab
2116 1371 2233 1432 aliis

453 1456 777 1525 distinguatur
800 1493 816 1521 ‚
858 1450 1076 1521 sequenti
1119 1450 1331 1502 nomine
1373 1447 1591 1516 insigniri
1631 1447 1837 1518 potest:

460 1588 987 1651 BERMVDIANA
1050 1582 1343 1646 RADICE
1398 1576 1758 1640 CARNOSA
1784 1625 1801 1651 ‚
1868 1584 2231 1650 FLORIBVS

460 1673 904 1740 MACVLATIS
929 1717 948 1747 ,
988 1667 1393 1731 SEMINIBVS
1436 1666 1674 1726 PVLPA
1723 1663 2110 1730 OBDVCTIS
2140 1691 2163 1748 ;

617 1807 715 1864 His
756 1804 898 1860 enim
942 1803 1078 1858 notis
1120 1817 1148 1857 a
1190 1799 1386 1873 reliquis
1426 1794 1678 1871 speciebus
1701 1839 1717 1867 ,
1758 1795 1824 1853 de
1866 1797 2044 1871 quibus
2066 1800 2239 1860 bonae

463 1904 519 1951 et
559 1892 809 1967 persediae
851 1886 1204 1961 descriptiones
1246 1885 1378 1958 apud
1421 1884 1492 1940 rei
1533 1881 1795 1938 herbariae
1834 1880 2095 1963 scriptores
2135 1904 2235 1948 ex·

461 1991 572 2038 tant
613 1976 882 2048 facillime,
925 1974 1012 2030 vel
1052 1972 1163 2029 solo
1204 1972 1419 2029 nomine
1457 1968 1771 2042 distinguitur

1049 2123 1354 2199 Explicatio
1393 2117 1637 2175 Tabulae.

463 2226 567 2292 Fig.
611 2246 650 2276 1.
687 2223 870 2272 Plantam
905 2220 1171 2285 repraesentat
1211 2222 1417 2283 integram
1439 2245 1456 2271 ,
1490 2214 1623 2261 radice
1658 2223 1844 2276 excepta.

463 2292 505 2341 F
506 2298 566 2357 ig.
607 2311 647 2341 2.
687 2291 892 2340 Radicem
926 2289 1076 2352 plantae
1112 2287 1283 2334 iunioris
1301 2316 1318 2341 ,
1353 2298 1456 2348 quae
1493 2279 1678 2327 nonduin
1715 2283 1836 2326 flores
1869 2279 2060 2344 protulit.

465 2359 565 2424 Fig.
609 2375 650 2416 3.
689 2357 820 2406 Floris
855 2353 1195 2420 magnitudinem
1230 2351 1469 2398 naturalem.
1494 2345 1584 2393 Lit.
1619 2363 1642 2393 a
1673 2347 1862 2410 pistillum
1897 2350 1997 2395 eius,

466 2425 567 2494 Fig.
604 2442 650 2482 4.
688 2423 885 2472 Frusium
920 2420 1114 2468 nondum
1147 2419 1310 2484 prorsus
1347 2429 1555 2465 maturum
1588 2427 1685 2462 cum
1718 2414 1890 2462 residuis
1942 2416 2060 2464 floris
2089 2411 2237 2480 petalis

684 2490 814 2554 spirae
846 2492 891 2535 in
929 2487 1105 2535 modum
1139 2487 1357 2537 contortis,

471 2558 574 2626 Fig.
617 2575 658 2616 ς.
694 2556 898 2604 Ἐωᾶιιηι
929 2569 1146 2602 maturum
1181 2551 1474 2600 dehiscentem.

466 2626 569 2694 Fig.
604 2636 651 2678 6.
683 2623 825 2671 Baccas
854 2622 1117 2670 demonstrat.
1186 2617 1307 2679 Quae
1339 2619 1403 2665 lit.
1438 2635 1462 2666 a
1494 2615 1682 2680 insignita
1718 2615 1808 2673 est,
1844 2618 1885 2662 in
1902 2610 2042 2662 China
2057 2612 2229 2673 creuit3

720 2707 794 2737 uae
831 2689 897 2741 lit.
935 2689 977 2736 b.
1011 2686 1222 2752 Petropoli
1257 2701 1353 2738 nata
1384 2687 1440 2739 est
1471 2698 1498 2733 c
1530 2681 1746 2737 seminibus
1777 2698 1831 2734 ex
1859 2678 2003 2730 China
2033 2678 2175 2726 miffis.

467 2757 565 2826 Fig.
602 2773 646 2816 7.
682 2709 836 2808 ⁴{lemen
871 2754 1157 2825 repraesentat.

1939 2957 2230 3030 CLAss1s
