2378 3564
485 266 565 323 42
615 242 725 311 DE
767 237 1296 307 FRACTIONIBV
1296 239 1338 299 S
1379 239 1798 304 CONTINVIS
1839 237 2154 306 OBSERV.

645 404 688 467 §.
727 417 816 468 19.
867 401 952 455 Ex
995 401 1103 471 lege
1157 409 1328 453 autem
1395 395 1732 453 continuitatis
1773 401 1865 455 erit
1904 397 2152 455 BC—z·
2185 393 2244 453 D

2021 439 2159 471 -32

489 491 1125 568 13:13-3FGr-‘33etc
1218 491 1353 548 Cum
1427 493 1574 565 igitur
1640 493 1698 546 sit
1764 496 1994 548 Az—
1931 517 2038 568 B3
2085 494 2243 550 B:

492 588 604 663 -3—203
653 587 927 665 Cz-j53
973 589 1117 645 D..-
1162 586 1274 666 ‘⁴33
1333 601 1430 642 etc
1516 589 1680 642 Ριιιίηι
1760 589 2008 646 obtinetur
2076 592 2246 646 A-·-
2172 629 2247 644 ...-

489 683 743 762 243—2-2-
788 700 887 740 etc.
936 702 1056 758 quae
1099 699 1268 739 autem
1313 684 1383 739 est
1427 683 1524 756 ipsa
1568 683 1782 738 formula
1825 701 1855 737 a
1878 683 2112 738 Wallisio
2146 685 2253 755 pri-

490 792 640 829 muni
689 772 1110 844 produc‘t·1‚qua
1152 770 1318 824 circuli
1384 771 1732 842 quadraturim
1774 767 2040 840 expressit,
2108 779 2255 838 atque

490 858 726 914 maxime
766 857 832 909 ab
879 855 1192 927 expreffione
1246 852 1559 908 Brounckeri
1603 853 1851 908 abhorret.
1944 853 2111 927 Quare
2135 865 2260 906 cum

493 940 581 995 ista
626 941 839 993 formuia
905 937 1348 1006 interpolationem
1394 936 1497 987 hoc
1538 938 1703 986 modo
1766 937 2109 1006 inuestigando
2150 948 2261 989 tam

492 1023 633 1076 fixcile
676 1020 723 1074 se
767 1019 1001 1090 praebeat
1029 1059 1045 1084 ‚
1090 1034 1156 1070 eo
1200 1018 1362 1087 magis
1399 1017 1472 1070 est
1517 1016 1808 1070 mirandum
1880 1013 2260 1089 Brounclterum

494 1106 671 1160 eadem
714 1104 799 1156 via
843 1101 1107 1174 ingreffum
1152 1102 1214 1156 ad
1260 1099 1630 1172 expressionem
1699 1111 1966 1172 tantopere
2031 1101 2265 1157 differen-

495 1201 604 1246 tem
654 1188 975 1260 peruenifl'e3
1043 1185 1176 1240 nulla
1239 1186 1376 1240 enim
1423 1186 1507 1240 'via
1552 1183 1789 1257 superesse
1853 1186 2082 1257 videtur,
2138 1202 2265 1259 quae

498 1275 562 1331 ad
608 1272 911 1328 fractionem
954 1271 1249 1326 continuam
1295 1271 1577 1325 deduceret.
1664 1269 1846 1343 Neque
1909 1287 2038 1325 vero
2101 1271 2268 1326 existi·

499 1359 743 1416 mandum
790 1358 860 1412 est
885 1401 901 1427 3
945 1354 1327 1411 Brounckerum
1370 1356 1433 1409 de
1474 1355 1705 1416 industria
1745 1355 1973 1411 valorem
2045 1358 2190 1430 ipfius
2212 1355 2269 1412 A

499 1460 592 1516 per
634 1442 932 1496 fractionem
976 1441 1270 1496 continuam
1316 1441 1605 1512 exprimere
1649 1439 1904 1511 voluisse3
1974 1440 2055 1495 sed
2099 1442 2272 1514 potius

499 1525 804 1582 methodum
853 1527 1151 1598 quampiam
1194 1526 1494 1598 peculiarem
1541 1524 1759 1578 secutum
1780 1567 1796 1594 ,
1818 1525 1949 1596 quasi
1973 1526 2189 1579 inuitum
2216 1527 2271 1580 in

500 1627 616 1668 eam
666 1610 920 1667 incidifle:
970 1628 1090 1666 cum
1136 1626 1201 1665 eo
1245 1624 1483 1682 tempore
1506 1608 1772 1664 fractiones
1793 1610 2060 1664 continuae
2096 1613 2270 1666 omni-

502 1714 575 1752 no
608 1697 789 1752 fuerint
830 1697 1116 1769 incognitae
1142 1739 1158 1766 ,
1202 1709 1345 1768 atque
1387 1695 1481 1749 hac
1527 1695 1789 1750 occasione
1816 1712 2044 1767 primum
2078 1697 2129 1750 in
2154 1712 2271 1751 me-

503 1783 645 1838 dium
695 1781 940 1853 prolatae.
1031 1781 1118 1837 Ex
1159 1781 1332 1853 quibus
1377 1778 1482 1834 satis
1527 1781 1761 1852 colligere
1786 1780 1935 1850 licet,
1960 1782 2164 1836 obuiam
2189 1782 2277 1835 da-

500 1869 547 1923 ri
592 1866 901 1921 methodum
944 1865 1006 1921 ad
1050 1866 1325 1922 istiusmodi
1373 1863 1638 1920 fractiones
1704 1866 1962 1921 continuas
2028 1867 2277 1922 deducen-

505 1963 611 2006 tem
639 1995 654 2023 ,
698 1953 1012 2024 quantumuis
1055 1969 1115 2006 ea
1160 1969 1290 2007 nunc
1331 1953 1535 2025 quidem
1578 1949 1863 2006 abscondita
1909 1942 2148 2007 videatur.

669 2037 717 2102 §.
750 2054 846 2092 20.
894 2038 1139 2112 Quamuis
1183 2050 1353 2094 autem
1400 2040 1484 2093 diu
1529 2038 1580 2090 in
1626 2036 1720 2091 hac
1779 2036 2026 2090 methodo
2092 2033 2276 2107 reperi·

507 2121 634 2175 enda
661 2122 804 2176 irrito
848 2135 1031 2175 conatu
1057 2123 1148 2176 sim
1195 2121 1408 2175 veriatus
1434 2165 1449 2191 3
1494 2135 1668 2175 tamen
1708 2122 1760 2173 in
1786 2121 1938 2175 alium
1983 2120 2131 2174 incidi
2157 2136 2278 2173 mo-

506 2205 634 2259 dum
680 2205 1091 2276 interpolationes
1136 2206 1430 2260 huiusmodi
1473 2204 1707 2258 serierum
1753 2221 1844 2277 per
1871 2204 2132 2260 fractiones
2154 2220 2278 2258 con-

510 2292 674 2344 tinuas
718 2288 1000 2344 absoluendi
1047 2294 1131 2362 qui
1186 2290 1316 2345 mihi
1385 2304 1555 2344 autem
1600 2289 1825 2360 praebuit
1873 2289 2209 2362 expressiones
2250 2304 2281 2343 a

510 2373 922 2430 Brounckerianis
963 2377 1195 2429 maxime
1238 2373 1463 2430 diuersas.
1556 2374 1765 2429 Interim
1812 2387 1984 2429 tamen
2028 2392 2134 2428 non
2176 2373 2283 2429 fine

512 2460 662 2516 omni
725 2459 939 2514 vtilitate
1003 2459 1111 2514 sore
1152 2457 1299 2532 spero
1327 2504 1341 2529 3
1387 2459 1532 2514 istam
1604 2459 1913 2513 methodum
1982 2475 2237 2532 exponere
2259 2499 2280 2527 ,
2354 2514 2362 2528 ⁸

509 2562 631 2599 cum
678 2544 781 2598 eius
824 2561 925 2617 ope
968 2546 1277 2617 reperiantur
1322 2545 1585 2599 fractiones
1629 2545 1893 2598 continuae
1919 2587 1935 2613 3
1957 2560 2161 2615 quarum
2187 2558 2277 2595 va-

513 2627 643 2684 lores
686 2628 794 2683 iam
840 2629 1034 2684 aliunde
1077 2631 1172 2685 sint
1240 2631 1430 2701 cogniti
1456 2674 1471 2701 3
1528 2642 1579 2684 et
1625 2646 1716 2699 per
1763 2628 2071 2697 quadraturas
2132 2618 2282 2680 exhi-

513 2711 622 2766 beri
667 2727 867 2782 queant.
963 2711 1101 2768 Cum
1148 2715 1293 2769 enim
1338 2715 1517 2767 deinde
1561 2713 1712 2764 aliam
1735 2709 2040 2764 methodum
2063 2710 2158 2766 fim
2183 2723 2282 2764 tra-

516 2795 700 2849 diturus
741 2794 931 2850 valores
974 2811 1381 2866 quarumcunque
1426 2793 1722 2848 fractionum
1795 2797 2146 2850 continuarum
2190 2811 2285 2866 per

516 2880 829 2956 quadraturas
870 2879 1238 2955 exprimendi,
1279 2879 1398 2938 inde
1442 2882 1674 2954 egregiae
1728 2879 1948 2937 orientur
2012 2895 2282 2951 compara-

2123 2976 2284 3020 tiones
