2378 3564
438 269 553 321 194
1136 233 1433 322 ἦῆὣὲβέὲέε

772 406 1391 494 METHODVS
1448 402 1845 487 FACILIS

569 551 572 557 ¹
673 535 1284 599 COMPVTANDI
1369 529 1950 593 ANGvLoRVM

581 648 916 731 SINVS
1001 644 1174 725 AC
1250 639 2035 722 TANGENTES

430 780 629 840 TAM
673 771 1221 837 NATVRALES
1262 770 1522 847 QVAM
1550 769 2200 834 ARTIFICIALES'

1156 913 1480 956 AVCTORE

961 986 1347 1047 Leonhardo
1410 983 1661 1041 EulerO.

1236 1161 1282 1225 ς.
1338 1173 1390 1211 1.

430 1248 732 1403 Exposui
789 1277 924 1317 anno
982 1258 1257 1331 praeterito
1316 1253 1628 1311 methodum
1673 1259 1958 1318 inueniendi
2001 1263 2194 1320 valores

599 1349 847 1402 eiusmodi
889 1343 1261 1417 expressionum
1288 1387 1304 1413 ,
1361 1357 1487 1413 quae
1533 1341 1626 1396 sint
1669 1346 1910 1414 produdta
1964 1365 2032 1414 ex
2075 1350 2196 1406 infi-

430 1435 546 1487 nitis
588 1433 852 1485 fiarstoribus
910 1442 1048 1482 certa
1102 1429 1323 1498 quadam
1364 1428 1478 1496 lege
1522 1429 1953 1497 progredientibus
1977 1474 1994 1502 ‚
2036 1449 2196 1505 eaque

429 1514 705 1571 methodus
758 1513 972 1569 dedudta
1025 1522 1130 1564 erat
1182 1525 1247 1562 ex
1292 1509 1519 1561 formulis
1571 1510 1924 1584 integralibus,
1977 1534 2192 1588 quarum

428 1601 698 1673 integratio
741 1617 771 1654 a
813 1599 860 1654 se
903 1596 1123 1653 inuicem
1167 1593 1371 1667 pendet.
1474 1589 1627 1646 Nunc
1679 1606 1850 1647 autem
1879 1636 1893 1662 ,
1938 1614 2058 1654 cum
2103 1618 2195 1659 nu-

436 1703 527 1761 per
569 1685 902 1760 exposuissem
947 1682 1164 1739 modum
1207 1676 1490 1733 summandi
1533 1675 1822 1733 huiusmodi
1867 1678 2006 1736 series

514 1777 1935 1876 ssssffi÷·fflssffif5÷ss33ssetc.

435 1938 504 1978 ex
546 1938 612 1976 eo
667 1918 840 1974 nactus
895 1914 1000 1970 sum
1057 1911 1399 1967 commodam
1454 1922 1602 1983 atque
1657 1920 1830 1982 aptam
1888 1909 2198 1969 methodum

434 2025 586 2080 quam
616 2007 951 2077 piurimorum
979 1999 1342 2072 produdtorum
1372 2040 1387 2067 ,
1431 2012 1498 2049 ex
1538 1995 1746 2049 infinitis
1785 1995 2054 2048 faetor-ibus
2073 2013 2197 2051 con-

433 2093 660 2147 stantium
691 2135 706 2160 ‚
731 2088 926 2143 valores
949 2083 1314 2138 determinandi
1341 2125 1355 2151 ,
1383 2083 1580 2150 eiusque
1604 2077 1852 2132 beneficio
1895 2078 2026 2133 mihi
2059 2080 2200 2137 licuit

431 2173 811 2232 innumerabiles
876 2168 1156 2223 istiusmodi
1218 2163 1552 2236 expressiones
1605 2162 1814 2218 definire
1840 2205 1855 2232 ,
1924 2181 2049 2235 quae
2101 2183 2198 2238 per

432 2260 641 2315 alteram
687 2255 1001 2313 mothodum
1042 2252 1127 2306 vel
1165 2252 1386 2305 omnino
1429 2248 1628 2302 trastari
1668 2266 1770 2303 non
1813 2258 2077 2320 poterant,
2114 2251 2198 2306 vel

434 2345 603 2400 saltem
649 2357 756 2398 tam
805 2340 1043 2412 expedite
1088 2349 1140 2390 et
1181 2336 1423 2389 concinne
1468 2351 1574 2387 non
1619 2333 1952 2388 absoluuntur.
2041 2336 2198 2411 Quod

435 2432 693 2504 negotium
712 2472 727 2498 ,
772 2444 874 2499 quo
916 2424 1091 2481 clarius
1131 2421 1199 2474 ob
1254 2421 1424 2474 oculos
1476 2430 1695 2493 ponatur
1717 2463 1733 2492 ,
1785 2419 1840 2474 in
1895 2419 2199 2494 sequentibus

434 2514 763 2591 problematis
807 2510 912 2566 sum
956 2507 1329 2579 complexurush
1964 2498 1966 2500 ’

1053 2629 1468 2708 Problema.
1534 2660 1589 2707 1.

593 2767 639 2831 ς.
672 2782 723 2816 2.
765 2761 999 2816 Inueuire
1045 2760 1278 2813 valorem
1326 2760 1468 2812 huius
1513 2753 1834 2826 expreffionis
1888 2770 1982 2827 per
2024 2756 2195 2810 conti-

431 2866 564 2907 nuos
605 2850 819 2904 factores
859 2847 913 2899 in
955 2843 1214 2898 infinitum
1259 2841 1646 2915 progredientis,

2041 2934 2196 2990 ⁴14-
