2378 3564
582 9 620 24 Ὗ.

311 211 426 272 DE
468 202 687 268 NoVo
729 205 1041 270 GENERE
1069 177 1733 272 ‘oscamnozvm
1787 231 1812 269 1
1827 231 1906 284 29

151 371 303 434 utque
347 362 503 416 etiam
543 360 703 417 fluxus
742 373 792 416 et
833 362 1052 417 refluxus
1091 363 1264 418 mariS.
1349 364 1415 420 In
1457 366 1630 438 quibus
1671 366 1910 423 omnibus

151 458 388 504 motuum
441 447 683 518 speciebus
727 447 830 502 talis
869 450 1198 518 reciprocatio
1251 450 1532 525 alternaque
1571 454 1915 510 commutatio

149 530 418 588 secundum
460 534 628 605 plagas
665 531 926 603 oppositas
966 530 1077 584 fieri
1120 534 1422 588 obseruatus.

312 617 358 682 §.
391 630 444 679 3.
497 615 633 672 Cum
675 617 828 688 igitur
874 616 999 669 haec
1043 616 1327 687 proprietas
1370 619 1663 671 communis
1685 618 1744 673 fit
1766 619 1911 675 omni

154 702 320 757 motui
367 700 706 769 oscillatoriO,
750 716 1018 771 exponam
1061 718 1157 773 qua
1202 701 1255 754 in
1292 718 1344 756 re
1388 719 1577 756 nouum
1602 720 1754 774 genus
1777 720 1912 758 nunc

151 802 233 857 qu
223 786 360 839 dem
405 786 631 844 examini
672 785 1025 840 lubiiciendum
1083 804 1113 840 a
1155 786 1354 859 reliquis
1406 786 1513 842 fitis
1568 788 1671 843 iam
1717 789 2012 861 agitatis‘rab.
2037 804 2075 846 1.

150 870 409 941 discrepet.
518 867 597 925 Sit
649 886 772 941 ergo
814 867 989 925 ΑΕΒ
1041 870 1167 925 linea
1222 873 1304 927 vel
1357 890 1505 927 curui
1548 873 1636 928 vel
1677 876 1814 930 reeta
1861 862 1997 930 id¹⁷¹g
2020 859 2058 901 ⁶·
2075 865 2177 914 ⁰⁸⁷⁰

151 953 366 1026 spatium
421 953 798 1026 repressentanS,
865 956 918 1008 in
961 970 1064 1026 quo
1115 973 1296 1028 corpus
1339 957 1420 1011 vel
1462 958 1635 1031 portio
1688 959 1919 1031 corporis

153 1054 476 1110 quaecunque
519 1052 666 1092 motu
710 1041 971 1110 reciproco
1012 1037 1196 1092 feratur
1221 1083 1235 1107 ,
1279 1043 1349 1093 ita
1391 1055 1453 1094 vt
1496 1045 1693 1096 alternis
1724 1044 1918 1098 vicibus

155 1124 321 1178 modo
376 1120 537 1182 versus
589 1123 824 1174 dextram
878 1124 932 1172 in
976 1121 1258 1173 directione
1310 1120 1482 1175 ΑΕΒ
1538 1127 1704 1177 modo
1759 1126 1919 1178 versus

154 1207 392 1263 finistram
447 1206 499 1257 in
542 1204 820 1259 directione
872 1198 979 1256 BC
992 1203 1046 1255 A
1104 1219 1484 1274 promoueatur.
1584 1204 1722 1260 Cum
1770 1208 1918 1278 igitur

156 1291 352 1348 nullum
397 1305 579 1360 corpus
622 1287 712 1342 fibi
757 1286 846 1341 soli
888 1286 1120 1342 relictum
1164 1301 1216 1342 et
1258 1290 1475 1345 liberum
1501 1291 1778 1346 istiusmodi
1799 1308 1914 1346 mo-

153 1387 208 1430 tu
252 1376 515 1444 reciproco
554 1373 680 1426 cieri
725 1386 911 1444 queat,
954 1371 1037 1427 sed
1083 1374 1405 1430 vniformiter
1437 1376 1491 1430 in
1515 1377 1765 1431 directum
1801 1392 1922 1448 pro-

156 1459 293 1530 gredi
350 1457 535 1510 nitatur
561 1498 576 1524 ,
634 1458 819 1511 viribus
874 1474 999 1529 opus
1056 1458 1126 1512 est
1179 1460 1243 1513 ad
1300 1472 1505 1514 motum
1563 1461 1917 1519 oscillatorium

155 1542 564 1615 producendum,
623 1543 675 1593 in
735 1557 941 1611 quarum
1000 1541 1283 1595 discrimine
1351 1547 1619 1617 praecipua
1671 1545 1921 1600 diuersitas

158 1627 309 1699 ipsius
349 1637 518 1677 motus
562 1624 846 1677 oscillatorii
886 1625 1121 1679 consistit.

317 1708 363 1772 ξ.
394 1727 453 1775 4.
500 1707 720 1780 Quando
760 1721 934 1762 autem
981 1711 1042 1764 ad
1088 1711 1222 1764 vires
1266 1714 1569 1768 attendimus
1611 1715 1818 1787 perinde
1852 1712 1923 1769 est

158 1791 413 1846 cuiusnam
479 1791 665 1864 figurae
735 1793 950 1865 spatium
978 1838 994 1865 ‚
1034 1795 1085 1847 in
1131 1812 1232 1866 quo
1277 1796 1338 1851 fit
1363 1811 1531 1853 motus
1554 1842 1568 1866 ,
1593 1801 1921 1872 accipiamus;

157 1890 207 1929 et
250 1889 518 1948 propterea
570 1877 670 1932 hoc
722 1877 940 1950 spatium
993 1880 1406 1938 commodiffime
1459 1885 1600 1938 nobis
1642 1884 1923 1956 repraesen-

162 1959 341 2012 tabitur
393 1978 485 2030 per
527 1962 712 2017 lineam
758 1964 951 2018 restam
997 1962 1161 2020 ΑΕΒ.
1258 1965 1398 2022 Cum
1446 1970 1594 2040 igitur
1637 1983 1807 2024 motus
1849 1969 1916 2023 al·
1962 1970 2042 2023 Fig.
2072 1985 2121 2037 7.

163 2043 403 2095 ternatim
449 2044 610 2098 versus
653 2048 886 2102 dextram
934 2060 986 2102 et
1029 2050 1267 2105 sinistram
1314 2055 1576 2124 contingat
1600 2098 1615 2123 ‚
1672 2055 1921 2109 eiusmodi

162 2142 291 2198 opus
330 2128 402 2181 est
444 2129 630 2183 viribus
655 2174 670 2200 ‚
714 2147 837 2203 quae
880 2149 1064 2204 corpus
1108 2137 1269 2190 modo
1315 2136 1478 2191 versus
1517 2139 1753 2193 dextram
1800 2156 1923 2194 mo·

161 2211 234 2264 do
270 2214 437 2266 versus
476 2213 718 2270 sinistram
764 2218 1041 2290 impellant.
1132 2220 1240 2275 Hae
1279 2237 1405 2294 ergo
1444 2222 1580 2278 vires
1621 2224 1809 2278 debent
1832 2223 1927 2280 effi:

165 2297 397 2350 maxime
441 2300 743 2370 variabiles,
789 2315 937 2375 atque
981 2303 1183 2359 subinde
1227 2306 1293 2361 sui
1338 2310 1598 2381 negatiuae
1654 2309 1805 2382 fieri3
1849 2309 1927 2362 vis

166 2379 308 2431 enim
361 2381 524 2435 versus
572 2385 810 2440 smistram
865 2387 1056 2459 pellens
1109 2392 1402 2447 considerari
1458 2395 1621 2467 potest
1666 2395 1812 2448 instar
1851 2393 1928 2448 vis

165 2462 425 2533 negatiute
468 2465 632 2519 versus
672 2471 905 2525 dextram
950 2476 1189 2543 vigentis.
1277 2478 1448 2552 Quare
1493 2478 1531 2532 fi
1567 2479 1716 2532 fuerit
1749 2489 1794 2551 p
1834 2479 1928 2545 vi5,

168 2563 291 2616 quae
314 2563 521 2618 corpus,
546 2550 670 2604 dum
715 2554 765 2605 in
808 2553 872 2607 M
917 2557 1164 2626 versatur,
1209 2559 1471 2629 sollicitat,
1524 2561 1710 2615 necefle
1754 2562 1826 2614 est
1869 2571 1927 2614 vt

167 2640 204 2704 p
250 2630 312 2683 fic
355 2637 599 2701 quitntitas
642 2637 929 2707 variabiliS,
975 2657 1100 2711 quae
1145 2659 1249 2695 non
1296 2642 1457 2697 solum
1505 2661 1601 2714 pro
1644 2647 1788 2699 variis
1830 2645 1925 2698 cir-

168 2714 471 2769 cumstantiis
516 2720 680 2774 maior
719 2725 957 2779 minorue
1002 2723 1093 2780 fiat
1116 2769 1132 2797 ‚
1188 2726 1272 2783 sed
1317 2730 1470 2785 etiam
1522 2730 1575 2783 in
1618 2727 1687 2785 sui
1730 2731 1926 2802 negati·

173 2814 299 2854 vam
343 2799 502 2855 abeat.

263 2878 409 2940 Tom.
457 2886 569 2944 XI.
1080 2895 1132 2951 R
1793 2899 1840 2967 §-
1870 2915 1926 2968 5·
