2378 3564
395 313 531 385 5312
691 305 804 365 DE
845 290 1245 366 VESTRmo
1282 288 1692 362 ‘SPVRINNA
1729 293 2015 365 LYRICO

413 465 486 520 Vt
527 463 641 519 huic
684 460 922 517 Vestritio
975 474 1266 533 cognomen
1321 457 1413 512 fuit
1456 453 1690 528 Hygini,
1735 453 1806 509 ita
1846 455 1924 510 isti
1964 458 2172 534 nostro,'

410 546 713 622 Spurinnae,
760 549 842 620 qui
886 548 1079 618 generis
1122 545 1187 599 sui
1230 543 1541 599 memoriam
1583 555 1692 595 tum
1739 537 1853 594 belli
1895 553 2004 596 tum
2040 548 2174 616 pacis

408 637 587 690 artibus
629 634 916 705 insignitam
960 630 1170 702 reliquit.
1263 628 1427 684 Natus
1450 626 1579 682 mihi
1604 624 1800 680 videtur
1822 624 1896 679 A.
1923 623 1988 680 C.
2012 628 2171 684 xm.
2244 676 2246 678 .

410 722 575 775 dicam
621 719 945 773 commodius
1003 715 1170 787 postea
1199 755 1214 783 ,
1276 730 1363 767 cur
1419 714 1490 767 ita
1534 710 1760 766 sentiam.
1863 709 2004 765 Tota
2045 712 2178 769 illius·

411 804 740 861 adolescentia
796 816 847 855 et
902 816 1012 872 pars
1064 801 1296 852 maxima
1352 798 1507 851 virilis
1562 795 1734 851 aetatiS
1788 796 1840 852 in
1894 794 2175 856 foedissima

413 904 652 960 tempora
703 885 765 939 C.
795 883 1013 936 Caesaris
1038 924 1053 950 ,
1094 881 1216 936 Tib.
1261 877 1460 936 Claudii
1502 893 1553 935 et
1594 879 1794 936 Claudii
1838 881 2062 938 Neronis
2095 884 2175 938 in-

408 975 547 1027 cidit.
639 969 917 1025 Summum
975 965 1077 1020 fere
1135 965 1190 1020 in
1247 966 1469 1020 amicitia
1541 965 1714 1020 locum
1771 968 1903 1038 apud
1947 966 2032 1023 M.
2068 966 2177 1024 Sal-

406 1060 544 1112 uium
602 1053 877 1110 Othonem
933 1063 1050 1131 ante
1108 1051 1453 1123 principatum
1507 1052 1706 1106 tenuit:
1759 1051 1892 1107 hunc
1934 1052 2061 1109 nihil
2103 1055 2176 1110 ita

404 1141 790 1198 commendauit
836 1136 1076 1205 Neroni,
1134 1153 1283 1207 quam
1330 1153 1536 1191 morum
1592 1136 1656 1192 ad
1704 1153 1920 1192 omnem
1965 1136 2178 1212 turpitu-

408 1230 585 1283 dinem
623 1223 974 1296 congruentia,
1020 1219 1318 1292 elegantiam
1367 1221 1455 1291 ipsi
1499 1223 1962 1295 interpretabantur.
2004 1225 2175 1301 Quare

406 1313 618 1367 dubium
664 1326 769 1365 non
812 1309 883 1362 est
922 1318 1006 1362 aut
1050 1306 1358 1373 obscurum,
1392 1302 1696 1375 Spurinnam
1741 1310 1796 1362 iis
1839 1310 2069 1365 moribus
2102 1309 2176 1365 in·

405 1394 610 1451 seruiiffe
640 1439 655 1463 ,
709 1395 882 1463 quibus
936 1403 991 1444 et
1032 1390 1182 1444 Otho
1239 1388 1509 1443 delectatus
1563 1389 1634 1443 est
1677 1401 1730 1442 et
1775 1392 1923 1446 Nero
1979 1392 2175 1451 Caeiar.

409 1477 685 1532 Coniectus
728 1475 908 1528 deinde
951 1472 1020 1525 est
1063 1474 1116 1524 in
1158 1472 1323 1523 turbas
1365 1472 1664 1540 reipublicae
1717 1486 1766 1526 et
1817 1473 2045 1530 Othonis
2079 1479 2174 1531 Vi-

406 1564 628 1636 telliique
669 1558 1019 1616 contentiones
1063 1555 1125 1610 de
1167 1553 1468 1627 principatu.
1558 1553 1641 1607 M.
1669 1551 1859 1608 Saluius
1894 1557 2040 1612 Otho
2061 1576 2176 1615 aere

407 1649 575 1704 alieno
618 1645 810 1720 ingenti
853 1642 916 1699 ad
959 1641 1253 1696 nouandum
1297 1638 1481 1710 aliquid
1527 1649 1697 1692 motus
1721 1681 1737 1709 ‚
1785 1638 2030 1694 militibus
2059 1658 2180 1696 cor-

407 1735 564 1806 ruptis
606 1746 659 1787 et
698 1728 919 1803 Sulpitio
962 1722 1129 1782 Galba
1173 1724 1312 1799 Imp.
1341 1722 1529 1779 sublato
1553 1767 1567 1793 ‚
1615 1723 1957 1796 principatum
1982 1725 2174 1781 inuafit.

408 1820 486 1876 At
532 1819 601 1874 A.
630 1815 858 1873 Vitellius
901 1809 1221 1869 Germanicis
1277 1809 1553 1883 legionibus
1607 1808 1818 1864 fuffiiltus
1870 1810 1971 1883 ipse
2013 1811 2180 1885 impe-

408 1921 515 1962 rare
563 1903 787 1959 malebat
811 1945 826 1972 ‚
870 1917 1024 1973 quam
1069 1897 1271 1953 Othoni
1317 1895 1500 1951 subiici.
1591 1892 1652 1949 In
1697 1894 1960 1950 Dalmatia
1985 1909 2034 1950 et
2054 1898 2175 1953 Pan-

409 1990 567 2045 nonia
613 1987 861 2044 exercitus
903 1985 1104 2041 Othoni
1155 1984 1298 2039 dicto
1354 1981 1603 2036 audientes
1657 1994 1835 2036 erant:
1879 1981 1956 2035 his
1999 1996 2176 2037 contra

409 2075 678 2129 Vitellium
724 2072 1044 2128 mouentibus
1085 2070 1181 2125 alia
1227 2068 1289 2123 ab
1332 2066 1476 2121 Vrbe
1521 2081 1696 2120 manus
1721 2110 1736 2136 ,
1778 2066 1996 2138 quinque
2032 2084 2173 2139 prae-

410 2161 571 2215 toriae
624 2159 861 2215 cohortes
915 2169 968 2212 et
1023 2156 1251 2228 equitum
1308 2150 1499 2207 vexilla
1567 2167 1688 2204 cum
1757 2150 1959 2222 legione
2009 2153 2177 2223 prima

411 2246 694 2319 duobusque
751 2242 973 2299 millibus
1025 2241 1367 2312 gladiatorum
1421 2234 1647 2308 proiecta
1702 2234 1807 2289 fimt
1858 2236 1921 2290 ad
1964 2234 2177 2294 Padum.

412 2331 661 2405 Rec'tores
703 2329 782 2384 his
823 2327 985 2401 copiis
1026 2325 1228 2380 vrbanis
1281 2323 1382 2377 dati
1426 2321 1629 2375 Annius
1672 2315 1844 2375 Gallus
1895 2333 1947 2376 et
1993 2322 2178 2378 Vestri·

411 2416 508 2472 tius
549 2414 837 2489 Spurinna:
885 2415 953 2467 ita
998 2408 1269 2465 Cornelius
1313 2406 1522 2461 Tacitus
1564 2406 1715 2461 tradit
1763 2403 1846 2481 (1)
1891 2419 1944 2461 et
1987 2408 2044 2463 iis
2068 2408 2176 2482 qui·

408 2503 529 2560 dem
554 2501 741 2570 ‚verbis
763 2543 780 2571 ,
831 2511 893 2552 vt
946 2495 1079 2551 haud
1123 2493 1287 2551 multo
1338 2493 1509 2548 maior
1531 2492 1590 2547 ad
1614 2492 1967 2569 imperandum
2002 2494 2179 2549 audio-

410 2590 530 2644 ritas
596 2586 772 2641 Annio
839 2583 1019 2637 tributa
1074 2580 1206 2636 fuiffe
1231 2579 1488 2649 videatur,
1518 2594 1666 2651 quam
1692 2577 1988 2652 Spurinnae.
2037 2576 2173 2632 Cum

412 2672 594 2729 deinde
647 2671 799 2725 dubio
853 2667 1023 2724 Marte
1080 2667 1206 2721 inter
1258 2663 1528 2719 Othonem
1585 2678 1735 2736 atque
1791 2663 2057 2718 Vitellium
2121 2661 2173 2714 in

411 2755 678 2830 Liguribus
716 2754 836 2810 eflet
879 2750 1165 2808 concursum
1192 2792 1207 2822 ‚
1252 2746 1469 2805 Caecina
1510 2748 1722 2804 Alienus
1743 2744 2020 2802 Vitellianis
2052 2760 2173 2799 cum

2017 2844 2177 2901 copus
2204 2856 2206 2858 v

475 2952 554 3007 (1)
588 2952 679 2994 nist.
713 2950 816 2993 1.11.
851 2965 964 2995 οη.
