2378 3564
269 239 378 295 DE
417 230 634 296 NOVO
678 233 997 296 GENERE
1038 217 1697 306 osclLLATIONVM
1797 254 1913 307 149

158 397 423 452 constantis
490 399 585 451 erit
636 415 708 451 :t
738 416 769 450 2
801 420 842 454 π
868 394 1017 453 V2b
1050 416 1124 453 z
1163 392 1209 469 {5
1237 397 1388 455 Vzb
1411 401 1531 455 obex
1560 416 1911 459 :vr-:azzon

90 490 93 491 ’
159 483 390 553 Tempus
436 497 603 537 autem
651 502 741 555 per
781 498 940 537 totam
966 485 1134 539 circuli
1159 487 1501 556 peripheriam
1526 487 1808 560 expressum
1843 487 1911 542 est

159 597 232 633 :z
273 570 367 653 3313
410 597 560 650 quare
602 593 659 634 vt
702 579 825 634 haec
871 592 1109 649 tempora
1155 580 1248 633 fint
1301 582 1521 651 aequalia
1546 622 1561 650 ‚
1609 582 1798 634 necefle
1840 581 1910 636 est

158 664 216 720 sit
262 666 486 718 zbza.
532 667 614 735 qui
653 665 726 718 'est
768 663 869 734 ipffi
910 663 1047 716 castis?
1080 677 1416 716 memoratus.

318 750 361 814 §.
395 766 490 814 41.
542 748 674 801 Hinc
742 750 896 802 etiam
969 761 1145 802 natura
1209 747 1537 819 discriminis,
1580 749 1712 820 quod
1780 751 1912 802 inter

154 832 478 887 oscillationes
520 831 822 903 reliquorum
865 833 1063 888 casuum
1111 832 1478 887 obseruauimus
1503 876 1517 901 ,
1577 835 1788 904 penitius
1836 834 1915 887 in·-

153 917 266 987 spici
314 918 494 988 potest.
582 918 770 971 Pendet
811 907 954 971 enim
1001 905 1100 970 lioc
1145 918 1406 970 discrimen
1450 920 1636 986 partim
1680 935 1710 971 a
1757 935 1914 989 quan-

156 1003 297 1054 titate
324 1003 510 1055 litterae
541 1018 597 1071 g,
643 1018 738 1072 qua
782 1003 988 1074 quidem
1030 1001 1162 1055 nulla
1208 1002 1302 1054 alia
1345 1002 1593 1055 diuersitas
1636 1002 1909 1056 oscillatio-

153 1086 292 1140 nibus
336 1086 616 1153 inducitur,
683 1086 770 1138 nisi
813 1086 944 1155 quod
1013 1101 1107 1152 per
1150 1101 1219 1156 eo
1260 1086 1454 1136 maiora
1522 1085 1673 1153 spatia
1744 1086 1868 1138 fiant
1892 1130 1908 1157 ‚

154 1188 258 1241 quo
303 1171 558 1224 minorem
602 1165 828 1219 valorem
872 1167 1052 1218 habeat
1081 1183 1124 1236 g
1148 1207 1162 1233 ,
1207 1177 1428 1218 ceterum
1475 1179 1651 1219 autem
1699 1177 1805 1219 tam
1833 1186 1912 1220 ra-

152 1256 291 1307 tione
335 1265 502 1307 motus
527 1267 678 1320 quam
726 1251 971 1321 temporis
1014 1250 1082 1303 sui
1127 1263 1366 1303 maneant
1414 1249 1614 1303 similes,
1715 1250 1913 1305 Partim

153 1352 326 1393 autem
371 1335 651 1390 differentia
697 1334 1064 1389 oscillationum
1094 1379 1107 1406 ‚
1153 1353 1247 1408 qua
1289 1334 1478 1389 indoles
1502 1333 1717 1406 ipfiirum
1744 1339 1916 1392 maxi-

152 1440 238 1478 me
280 1424 576 1474 immutatur
600 1463 615 1491 ,
663 1418 749 1474 sita
793 1421 863 1474 est
909 1423 960 1475 in
985 1420 1174 1475 diuerso
1210 1420 1379 1475 habitu
1418 1420 1670 1474 literarum
1697 1437 1733 1475 a
1759 1433 1811 1475 et
1835 1422 1868 1476 b
1891 1464 1908 1491 ,

149 1524 252 1578 quo
294 1504 402 1577 ipso
443 1507 574 1559 ratio
617 1522 920 1576 temporum
962 1506 1330 1559 oscillationum
1399 1504 1462 1557 ab
1504 1506 1747 1560 ambabus
1786 1507 1910 1560 viri-

152 1590 240 1648 bus
283 1590 480 1643 seorsim
527 1590 846 1650 oriundarum
892 1588 1142 1644 definitur.
1229 1590 1321 1645 Est
1364 1591 1502 1644 enim
1532 1602 1731 1663 tempus
1766 1592 1913 1646 vnius

153 1683 470 1738 oscillationis
513 1684 611 1739 sola
656 1700 837 1758 agente
878 1688 930 1741 vi
973 1677 1009 1756 Ξῖ
1054 1689 1118 1743 ad
1162 1699 1364 1759 tempus
1407 1688 1551 1741 vnius
1600 1686 1915 1742 oscillationis

153 1792 182 1831 a
225 1777 326 1832 sola
367 1782 424 1833 vi
463 1772 499 1861 Ξ
532 1780 672 1836 ortae
715 1795 776 1839 vt
817 1782 866 1835 V
892 1782 971 1837 2b
1017 1784 1079 1837 ad
1128 1783 1243 1838 Va.
1293 1783 1380 1837 Ex
1427 1799 1527 1854 quo
1579 1782 1913 1855 intelligitur,

153 1878 256 1932 quo
302 1867 462 1937 magis
527 1866 651 1921 haec
718 1869 844 1922 ratio
897 1885 925 1923 a
967 1867 1508 1924 commensurabilitate
1561 1869 1760 1924 recedat
1784 1910 1802 1940 ‚
1843 1882 1915 1923 eo

150 1949 314 2019 magis
358 1951 682 2009 oscillationes
721 1955 902 2011 futuras
941 1953 1040 2011 effe
1084 1954 1384 2029 irregulares,
