2378 3564
153 250 212 310 A
255 188 479 308 MOTV
522 241 628 304 LV
628 236 744 303 CIS
789 240 1246 307 SVCCESSIVO
1294 241 1711 311 ORlVNTVR.
1789 254 1902 308 161

304 400 352 465 ξ.
388 413 480 452 20.
530 396 889 471 Inuestigemus
912 401 1060 471 igitur
1083 401 1321 460 effectum
1348 450 1362 475 ,
1409 422 1561 479 quem
1605 403 1766 461 radius
1790 402 1910 461 lucis

149 485 201 542 in
244 484 448 540 oculum
523 499 724 538 motum
797 487 962 538 exerit
989 529 1002 555 ,
1069 501 1121 541 et
1173 490 1227 543 in
1275 493 1537 547 discrimen
1595 491 1708 547 fitus
1748 506 1929 564 appa-·

121 573 301 626 ,rentis
341 583 391 625 et
434 571 542 623 veri
583 570 850 624 secundum
896 571 1083 640 regulas
1128 586 1296 628 motus
1339 578 1664 645 inquiramus.
1735 576 2013 649 Quies-‘raa
2069 595 2118 634 ιι,

147 671 227 712 cat
272 657 418 727 igitur
462 655 722 709 obiectum
767 657 820 708 in
862 655 1056 726 puncto
1098 656 1150 710 O
1177 700 1192 727 ,
1247 657 1501 729 speetator
1554 674 1680 712 vero
1723 659 1915 714 vnifor-
1955 649 2022 702 fig·
2058 651 2106 691 ⁶·

149 743 302 797 miter
347 753 706 812 promoueatur
748 739 802 793 in
842 740 982 795 rec’ta
1025 740 1132 796 ΑΕ
1176 742 1432 798 celeritate
1476 757 1544 796 r:
1591 760 1651 797 ac
1695 744 1820 800 dum
1865 745 1915 800 in

148 827 204 881 A
262 826 477 880 verffitur
530 825 750 897 excipiat
805 827 1000 880 radium
1053 827 1106 882 Ο
1134 827 1188 883 A
1255 846 1324 884 ex
1389 827 1595 883 obiecto
1655 829 1913 885 emiffum.

149 910 289 968 Cum
333 928 457 983 ergo
503 912 666 965 radius
710 913 760 965 in
800 912 1081 966 directione
1135 913 1253 966 OA
1293 915 1538 968 celeritate
1590 932 1617 968 c
1663 916 1917 987 impingat

148 1001 204 1053 in
247 997 451 1050 oculum
496 997 549 1050 A
595 996 848 1050 celeritate
890 1012 921 1051 r
962 998 1016 1050 in
1058 997 1332 1052 directione
1375 999 1495 1055 ΑΕ
1539 1011 1746 1053 motum
1774 1043 1788 1069 ‚
1834 1015 1914 1054 re-

149 1082 363 1138 soluatur
407 1093 582 1135 motus
622 1081 745 1134 raclii
790 1083 840 1134 in
884 1082 1010 1134 duos
1052 1081 1278 1134 laterales
1305 1125 1319 1150 ,
1379 1099 1598 1152 quorum
1643 1083 1768 1137 alter
1810 1085 1916 1139 PA

148 1170 207 1227 fit
249 1165 489 1222 normalis
527 1165 589 1217 ad
632 1164 745 1217 ΑΕ
770 1205 785 1232 ,
830 1163 952 1215 alter
997 1163 1100 1216 ΟΡ
1144 1181 1263 1217 cum
1309 1164 1588 1217 directione
1632 1165 1748 1220 ΑΕ
1792 1183 1919 1221 con-

148 1266 308 1328 gruat.
385 1248 586 1325 >Quodsi
642 1245 791 1317 igitur
841 1245 894 1300 Ο
917 1248 969 1301 Α
1015 1246 1327 1303 celeritatem
1383 1248 1505 1303 lucis
1548 1266 1576 1303 c
1620 1251 1880 1322 exprimat
1902 1294 1919 1322 ,

149 1329 245 1395 erit
289 1336 389 1393 PA
439 1344 500 1387 vt
541 1330 765 1387 celeritas
809 1332 1053 1390 normalis
1111 1335 1174 1389 ad
1220 1334 1370 1404 ΑΕ,
1422 1346 1476 1388 et
1516 1333 1612 1389 ΟΡ
1655 1336 1749 1390 erit
1791 1336 1918 1391 cele-

149 1428 267 1480 ritas
310 1422 364 1475 in
407 1418 689 1474 directione
737 1419 855 1476 EA
881 1463 895 1489 ,
937 1437 1061 1491 quae
1104 1437 1225 1475 cum
1271 1421 1330 1476 fit
1369 1421 1622 1476 contraria
1677 1421 1921 1479 celeritati

148 1508 280 1563 oculi
325 1521 356 1561 r
386 1547 402 1575 ‚
467 1505 683 1576 eundem
744 1505 1005 1576 praestabit
1049 1504 1291 1560 effectum
1315 1549 1330 1575 ,
1387 1522 1444 1559 ac
1499 1505 1537 1558 fi
1591 1505 1840 1561 celeritate
1890 1522 1922 1565 r

146 1602 404 1667 augeretur
424 1632 439 1659 ,
486 1601 634 1661 atque
678 1591 730 1645 in
772 1588 977 1645 oculum
1021 1588 1353 1662 quiescentem
1399 1591 1695 1646 incurreret.

306 1733 354 1799 ξ.
389 1746 480 1783 21.
530 1725 710 1786 Sumta
754 1748 878 1805 ergo
918 1731 1024 1789 AE
1064 1743 1201 1789 tanta
1229 1775 1243 1803 ‚
1303 1744 1364 1789 vt
1418 1733 1477 1789 fit
1521 1732 1638 1789 OA
1665 1752 1676 1787 :
1706 1733 1922 1790 AB:

150 1834 179 1875 c
206 1837 216 1871 :
243 1832 300 1889 r,
348 1817 574 1873 celeritas
616 1818 742 1873 radii
783 1818 888 1873 ΟΡ
928 1831 1164 1892 augeatur
1207 1830 1346 1892 parte
1390 1818 1719 1895 OQz-..AE
1772 1834 1922 1894 atque

155 1904 327 1957 oculus
380 1905 434 1957 in
479 1903 533 1958 A
577 1904 826 1975 quiescens
877 1905 1075 1959 radium
1133 1907 1376 1977 excipiet,
1433 1907 1570 1960 cuius
1613 1917 1785 1961 motus
1826 1908 1922 1962 erit

150 1989 462 2058 compofitus
508 2004 577 2041 ex
621 2002 769 2044 motu
814 1989 920 2044 PA
962 2003 1012 2044 et
1057 2002 1206 2045 motu
1248 1991 1353 2065 QP
1378 2034 1393 2061 ,
1451 2008 1520 2045 ex
1578 2008 1681 2064 quo
1716 1991 1923 2051 ,resulta-

149 2071 224 2126 bit
270 2072 431 2126 radius
474 2071 590 2146 ΟΛ
618 2116 633 2143 ,
678 2075 728 2126 in
773 2076 909 2129 cuius
950 2076 1225 2131 directione
1265 2077 1525 2131 obiectum
1572 2094 1600 2130 a
1645 2076 1924 2149 speetatore
2016 2144 2019 2145 ⁷

149 2158 204 2212 in
247 2156 298 2211 A
345 2157 614 2212 constituto
659 2172 901 2214 cernetur.
1001 2158 1289 2233 Spectatori
1344 2178 1468 2233 ergo
1492 2205 1507 2231 ,
1568 2162 1654 2234 qui
1709 2162 1925 2219 etfiamfi

152 2233 418 2298 moueatur
460 2243 549 2298 fibi
592 2246 646 2299 in
690 2244 745 2299 A
790 2246 1034 2319 quiescere
1078 2247 1277 2301 videtur
1302 2291 1316 2318 ,
1361 2247 1621 2303 obiectum
1661 2249 1925 2321 apparebit

152 2325 249 2380 sub*
280 2330 464 2400 angulo
521 2330 739 2405 QAE,
794 2349 913 2387 cum
968 2345 1139 2387 tamen
1193 2333 1284 2405 ipsi
1310 2377 1324 2404 ‚
1392 2334 1429 2389 fi
1485 2333 1574 2388 lux
1629 2334 1682 2387 in
1726 2335 1951 2390 instanti-

153 2425 510 2484 propagaretur
534 2457 548 2483 ,
605 2414 688 2470 sub
744 2419 930 2489 angulo
972 2419 1154 2474 OAE
1195 2436 1431 2491 apparere
1476 2420 1724 2474 deberet:
1783 2420 1922 2474 vnde

151 2498 354 2569 angulus
398 2498 559 2574 QAO
600 2500 865 2555 constituet
920 2503 1175 2558 excessum
1230 2505 1330 2558 loci
1373 2505 1566 2559 obiecti
1610 2506 1732 2559 veri'
1774 2504 1921 2575 supra

151 2596 500 2654 apparentem.
590 2584 841 2639 Ponamus
884 2587 1049 2657 anguli
1091 2590 1375 2659 apparentis
1418 2589 1574 2663 QAE
1618 2588 1779 2643 finum
1825 2587 1923 2642 efle

157 2686 305 2723 :m
349 2671 574 2725 cofinum
601 2687 674 2723 z:
702 2689 797 2744 Mi
849 2688 966 2726 cum
1015 2685 1185 2727 autem
1233 2673 1291 2726 fit
1336 2672 1624 2744 OAz-c3
1672 2673 1816 2749 OQ
1844 2691 1922 2727 z

159 2754 401 2811 AEzr
425 2800 440 2827 ,
485 2771 733 2830 ponamus
772 2758 1008 2829 tantisper
1051 2758 1318 2833 AQ:y
1343 2802 1357 2829 ,
1414 2763 1508 2814 erit
1564 2758 1669 2813 ΑΡ
1695 2777 1768 2814 z
1793 2777 1921 2831 φημ’,

157 2840 450 2915 ΡΩ-τμ]
476 2885 490 2913 ,
533 2852 585 2896 et
627 2839 730 2898 ΟΡ
754 2860 826 2897 z
854 2860 1091 2918 pay—r:
1135 2856 1282 2921 atque
1324 2835 1917 2923 'c²:yy-2p.ry—†-

245 2931 374 2992 Ίῦηι.
420 2937 489 2996 X
489 2937 532 2994 Ι.
987 2941 1050 2999 X
1747 2932 1798 3000 ν’
1844 2939 1919 2997 seu
