2378 3564
159 205 511 277 otmar.
555 207 667 270 DE
710 202 1128 285 MACHJMS·
1152 159 1675 285 'SIMPLICIBVS
1718 238 1751 281 2
1765 221 1843 289 ef

68 373 185 432 vim
233 368 461 427 medium
502 367 672 424 locum
716 368 845 423 inter
887 385 1013 425 onus
1037 382 1089 425 et
1112 371 1326 441 fiilcrum
1353 393 1605 454 occupare
1632 426 1648 455 ,
1689 398 1851 458 quam

59 461 276 517 ,tertiam
320 457 495 511 Veeis
551 456 767 528 speciem
813 454 993 526 aliqui·
1033 459 1342 535 appellant3
1407 478 1461 519 at
1526 484 1655 523 vero
1720 487 1850 526 cum

64 548 133 607 fic
178 543 432 617 dispositus
479 543 590 597 vim
634 556 784 594 onere
827 540 1085 596 maiorem
1128 548 1369 615 requirat:
1417 566 1446 600 e
1490 553 1848 611 machinarum

68 633 382 705 simplicium
428 643 642 684 numero
681 626 882 681 excludi
925 627 1076 681 debet
1122 627 1248 683 haec
1291 633 1437 686 tertia
1481 633 1685 708 specieS,
1711 642 1855 698 vnde

67 719 263 776 factum
306 731 504 790 quoque
549 713 620 767 est
642 756 660 784 ,
702 724 763 767 vt
808 711 947 768 nullo
991 714 1230 786 peculiari
1274 720 1489 774 nomine
1532 722 1855 797 insigniatur·²

67 804 298 878 quamuis
341 801 527 855 Vtiliter
578 799 631 854 in
690 798 990 872 quibusdam
1044 801 1232 856 casibus
1256 846 1271 873 ,
1315 806 1405 860 vbi
1452 809 1646 865 virium
1702 812 1859 889 copia

68 891 206 948 adest
231 934 247 961 ‚
289 887 352 942 ad
397 886 704 942 celeritatem
752 886 1035 958 augendam
1079 887 1308 943 adhiberi
1352 892 1524 962 poffit.

229 976 279 1042 ᾧ.
313 989 405 1026 11.
452 971 670 1027 Inuento
711 972 776 1028 fic
820 971 975 1026 semel
1017 972 1213 1045 Vecte,
1253 976 1466 1048 ingenio
1506 990 1737 1037 veterum
1763 979 1861 1038 de-'

71 1060 252 1117 bemus
307 1058 536 1113 eiusdem
591 1060 752 1114 varias
806 1060 1209 1113 emendationes,
1322 1059 1466 1115 Cum
1533 1067 1674 1120 enim
1747 1068 1856 1124 hoc

68 1145 342 1218 praecipuo
387 1144 731 1200 incommodo
775 1143 954 1196 Veetis
995 1143 1192 1196 laboret
1214 1187 1230 1214 ,
1281 1146 1416 1216 quod
1440 1147 1626 1204 definat
1661 1150 1855 1206 habere

66 1231 327 1303 energiam
355 1274 370 1302 ‚
424 1245 578 1302 quam
630 1227 858 1298 primum
915 1243 984 1281 ex
1036 1225 1132 1282 situ
1200 1228 1525 1292 horizontali,
1560 1237 1856 1292 verticalem

69 1316 243 1371 nactus
266 1317 373 1371 est:
418 1311 678 1369 medelam
723 1311 841 1367 huic
886 1314 1030 1368 malo
1074 1316 1343 1372 attulerunt
1390 1317 1695 1376 inueniendo
1726 1323 1854 1378 Tro·

64 1400 263 1459 chleam
289 1443 305 1471 ,
372 1384 497 1472 quae
553 1398 683 1453 nihil
733 1398 864 1454 aliud
918 1400 988 1454 est
1023 1444 1040 1471 ,
1107 1401 1200 1456 nisi
1252 1403 1411 1459 lwis
1463 1405 1859 1464 heterodromus

62 1488 348 1561 aequalium
394 1485 718 1539 brachiorum
754 1492 1022 1557 perpetuus
1049 1522 1065 1542 ‚
1116 1501 1187 1539 ex
1230 1503 1327 1559 qua
1398 1487 1500 1542 sola
1541 1491 1748 1562 quidem
1776 1494 1859 1548 ni·-

63 1572 145 1631 hil
187 1572 372 1625 virium
416 1570 668 1622 lucra-mur
693 1611 708 1638 ,
775 1567 811 1623 fi
865 1581 1096 1624 centrum
1154 1571 1258 1625 eius
1307 1573 1584 1630 immobile
1643 1578 1702 1633 s1t
1741 1597 1757 1651 3
1815 1578 1858 1637 fi

66 1672 196 1712 vero
241 1652 438 1710 mobile
484 1653 628 1708 fuerit
652 1697 667 1724 ,
710 1665 797 1709 aut
836 1655 1028 1728 aliquot
1068 1656 1327 1712 trochleae
1380 1659 1512 1714 inter
1555 1660 1602 1716 se
1644 1666 1861 1719 coniun-

66 1753 249 1815 gantur
279 1782 294 1809 ‚
341 1741 563 1796 multum
608 1755 700 1794 eae
740 1739 871 1796 vires
912 1753 1096 1815 augent
1120 1757 1231 1813 ,et
1274 1759 1578 1801 reuocantur
1620 1749 1683 1805 ad
1719 1750 1857 1807 Vec-

67 1839 178 1882 tem
202 1826 570 1898 compofitum.
656 1826 885 1882 Obtenta
929 1829 996 1885 fic
1039 1828 1265 1885 trochlea
1309 1830 1454 1886 facile
1504 1831 1597 1888 fuit
1633 1837 1860 1892 inuenire

67 1912 238 1968 Axem
279 1915 332 1967 in
367 1909 719 1987 peritrochi03
776 1931 899 1968 nam
957 1933 1078 1970 cum
1125 1916 1382 1971 Trochlea
1427 1916 1650 1991 simplex
1694 1922 1861 1978 vestis

8 1997 11 1999 *
64 1994 127 2052 fit
169 1997 451 2068 aequalium
496 1997 820 2052 brachiorum
848 2043 863 2068 ,
923 2002 1008 2073 qui
1052 2004 1167 2057 vim
1225 2004 1372 2057 oneri
1424 2007 1631 2076 requirit
1670 2023 1861 2079 aequa-

67 2080 218 2139 lem:
263 2084 547 2154 cogitatum
592 2083 684 2136 fuit
728 2084 791 2137 de
835 2084 1093 2142 Trochlea
1135 2089 1471 2161 inaequalium
1513 2090 1858 2166 brachiorum,

64 2183 290 2239 quorum
322 2168 546 2223 ‘breuiori
592 2184 718 2223 onus
743 2213 758 2240 ‚
804 2168 1026 2243 longiori
1068 2186 1238 2228 autem
1285 2176 1362 2229 vis
1405 2176 1650 2248 applicari
1677 2181 1859 2251 postet,

67 2266 142 2304 ex
187 2268 289 2322 quo
331 2267 469 2308 ortus
510 2253 602 2308 suit
634 2255 777 2330 Axis
819 2257 868 2310 in
913 2259 1231 2329 peritrochio
1256 2304 1271 2332 ,
1319 2262 1405 2334 qui
1447 2261 1577 2318 nihil
1620 2264 1752 2322 aliud
1787 2265 1860 2323 est

70 2350 228 2409 quam
275 2335 451 2392 Vectis
493 2352 760 2409 perpetuus
801 2341 1135 2413 inaequalium
1178 2345 1525 2403 brachiorum.
1798 2382 1803 2383 ν
1845 2359 1850 2363 ”

229 2421 276 2485 ξ.
313 2438 406 2474 12.
463 2423 801 2494 Applicemus
855 2443 986 2480 nunc
1042 2440 1140 2482 tres
1196 2433 1454 2501 potentias
1505 2432 1860 2506 superficiebus

71 2499 449 2579 Geometrici5‚
497 2520 548 2562 et
591 2510 796 2581 quidem
838 2528 1012 2567 earum
1057 2513 1479 2587 fimpliciffimae,
1525 2536 1715 2590 nempe
1737 2521 1860 2578 Tri·

66 2591 271 2665 anguIO.
363 2594 564 2649 Poffiint
604 2594 688 2650 hic
732 2610 996 2652 occurrere
1040 2601 1167 2653 varii
1213 2600 1361 2656 casus.
1451 2603 1562 2658 Aut
1586 2606 1726 2660 enim
1755 2623 1857 2678 po·

73 2680 263 2733 tentiae
307 2696 490 2734 omnes
530 2683 812 2754 applicatae
856 2697 1000 2738 erunt
1042 2687 1128 2739 vni
1175 2686 1361 2758 lateri3
1410 2700 1495 2742 aut
1531 2691 1653 2743 duae
1678 2707 1857 2748 earum

72 2775 274 2820 tantum
327 2769 420 2821 vni
476 2766 660 2839 lateri,
714 2771 859 2824 tertia
914 2771 1055 2825 alteri
1107 2771 1293 2844 lateri3
1353 2786 1438 2827 aut
1484 2790 1608 2829 vero
1662 2777 1859 2848 fingulis

74 2848 312 2909 lateribus
364 2853 643 2926 applicatae
700 2868 845 2912 erunt
890 2857 1104 2928 singulae
1146 2861 1427 2936 potentiae.
1525 2860 1759 2919 'Primum
1821 2862 1862 2920 fi

157 2935 301 2996 Tom.
326 2936 444 2997 XI.
885 2940 944 3003 N
971 2959 1008 3002 n
1510 2964 1513 2966 ·
1711 2948 1847 3008 acci·
