2378 3564
255 214 310 281 Α
337 214 563 277 MOTV
581 212 681 275 LV
681 209 728 272 C
729 208 799 273 18
849 213 948 273 SV
945 211 1252 271 CCESSIV
1250 207 1303 274 O
1345 209 1536 271 ORIV
1538 211 1703 274 NTV
1705 214 1774 273 R.
1826 221 1897 269 16
1905 231 1936 283 ς

172 386 292 426 cum
340 369 521 424 habeat
545 413 559 439 ,
602 369 822 441 radiique
868 367 985 423 lucis
1029 367 1177 422 instar
1220 366 1324 423 soni
1376 382 1716 442 propagentur
1741 413 1757 440 ‚
1827 381 1939 424 tum

167 455 342 510 illicita
387 457 479 510 erit
522 455 606 509 ista
658 453 931 524 redud’ti03
977 453 1061 507 etsi
1133 452 1399 508 discrimen
1444 456 1515 510 est
1559 457 1754 528 prorsus
1817 471 1939 510 con-

171 541 508 595 temnendum
538 575 567 610 ‚-
597 540 690 595 nisi
731 537 945 593 obiestis
991 538 1258 607 stupendae
1303 541 1580 593 celeritates
1621 542 1940 611 tribuantur,

114 688 116 690 ,
168 628 248 680 vti
295 626 353 680 fit
393 628 444 680 in
488 623 828 695 systematibus
865 622 1044 676 mundi
1069 622 1344 676 Ptolemaei
1370 636 1420 675 et
1446 622 1726 691 Tychonis.
1767 624 1942 698 Quan-

167 728 316 783 quam
367 724 537 766 autem
583 710 828 783 posterior
871 707 1108 761 sententia
1154 707 1355 761 veritati
1400 710 1561 779 magis
1617 707 1940 764 consentanea

165 797 402 867 videtur,
449 809 618 850 tamen
682 811 780 868 pro
825 783 1064 866 praesenti
1106 793 1331 848 instituto
1398 792 1656 866 sequamur
1709 796 1940 867 priorem

165 895 380 955 propter
423 883 671 938 eximiam
713 880 1120 934 conuenientiam
1166 879 1294 934 inter
1360 879 1695 936 correc‘tiones
1749 880 1811 936 ad
1856 897 1942 937 ca·

165 966 238 1023 sus
282 967 548 1023 secundum
592 979 644 1021 et
676 965 900 1022 tertium
942 965 1261 1036 pertinentes,

323 1054 369 1120 ξ.
401 1063 495 1112 28.
554 1051 905 1122 Persequemur
959 1050 1122 1116 igitur
1162 1050 1246 1099 hic
1300 1047 1622 1114 potiffimum
1679 1061 1796 1098 eam
1842 1044 1935 1115 hy·

165 1138 401 1210 pothesin
428 1179 443 1203 ,
497 1152 592 1203 qua
647 1134 771 1185 radii
810 1131 933 1181 lucis
985 1145 1054 1181 ex
1100 1127 1306 1180 obiesto
1345 1126 1514 1180 lucido
1570 1127 1686 1180 ac'tu
1729 1130 1940 1199 explodi

164 1232 421 1291 ponuntur
443 1260 459 1288 ,
515 1228 662 1286 atque
716 1212 1019 1267 assumamus
1070 1212 1234 1265 radios
1258 1254 1273 1281 ,
1330 1210 1416 1283 qui
1467 1226 1537 1265 ex
1579 1209 1682 1264 sole
1740 1212 1802 1267 ad
1848 1228 1943 1269 nos

153 1303 155 1305 ’
165 1305 470 1378 perueniunt
496 1343 510 1367 ‚
557 1300 753 1359 summa
797 1295 1056 1351 celeritate
1098 1312 1165 1349 ex
1207 1295 1313 1368 ipso
1358 1295 1456 1350 sole
1499 1295 1596 1350 esse
1631 1296 1901 1352 eiaculatos
1923 1342 1940 1370 ‚

165 1390 301 1444 vnde
354 1401 596 1459 tempore
648 1393 699 1441 8.
748 1383 950 1438 circiter
1004 1383 1324 1437 minutorum
1379 1382 1445 1437 ad
1484 1398 1576 1436 nos
1622 1383 1938 1455 pertigerint.

166 1475 412 1549 Quamuis
457 1473 599 1526 enim
645 1470 772 1525 haec
817 1468 1108 1541 hypothesis
1154 1470 1322 1522 minus
1370 1468 1432 1522 fit
1475 1467 1744 1538 probabilis
1783 1485 1939 1539 quam

163 1561 349 1630 altera,
405 1575 497 1629 qua
551 1558 724 1610 lumen
779 1554 925 1607 instar
982 1553 1088 1606 soni
1144 1553 1416 1625 propagari
1461 1552 1682 1606 statuitur
1706 1595 1721 1621 ,
1766 1565 1941 1610 tamen

163 1647 329 1715 magis
366 1643 438 1695 est
481 1638 872 1695 accommodata
917 1638 978 1693 ad
1019 1639 1245 1693 nostrum
1288 1638 1568 1692 institutum
1627 1651 1777 1710 atque.
1817 1655 1939 1694 mo-

164 1739 245 1781 tus
282 1726 716 1798 compositionem
761 1726 942 1796 recipit
967 1768 982 1794 ,
1037 1726 1171 1779 cuius
1229 1726 1379 1778 altera
1422 1721 1723 1796 hypothesis
1767 1725 1939 1780 minus

165 1813 238 1867 est
277 1828 458 1885 capax·
554 1810 608 1868 Si
667 1811 802 1865 enim
850 1811 1153 1883 propagatio
1207 1809 1329 1866 lucis
1370 1811 1421 1864 in
1464 1810 1785 1881 generatione
1827 1809 1936 1883 pulffn

161 1895 301 1951 suum
346 1915 437 1969 per
479 1897 711 1952 medium
757 1895 930 1951 subtile
974 1896 1212 1957 constet,
1258 1909 1366 1951 tum
1409 1895 1448 1951 fi
1493 1896 1555 1950 ad
1598 1894 1934 1951 sensationem

159 1980 479 2052 respiciamus
504 2025 520 2050 ,
547 2000 651 2037 non
707 1994 816 2036 tam
874 1983 937 2037 ad
982 1993 1221 2055 tempus,
1262 1999 1364 2055 quo
1419 1981 1582 2054 pulsus
1626 1998 1718 2054 per
1759 1982 1935 2037 datum

121 2061 371 2137 spatium
425 2065 678 2121 vehuntur
704 2108 719 2135 ‚
774 2067 870 2120 erit
912 2069 1272 2124 attendendum
1299 2111 1314 2139 ‚
1339 2084 1493 2140 quam
1549 2067 1611 2121 ad
1666 2067 1936 2138 proprium

158 2151 371 2207 cuiusuis
421 2152 698 2224 particulae
741 2163 945 2230 motum
991 2155 1268 2209 tremulum
1295 2196 1310 2223 ,
1358 2155 1440 2225 qui
1464 2152 1696 2208 maxime
1719 2152 1937 2208 diuersus

159 2234 258 2291 effe
302 2240 485 2309 potetit
527 2256 556 2293 a
600 2250 751 2293 motu
795 2237 1107 2311 progreffiuo
1158 2241 1430 2294 radiorum.

317 2323 366 2388 §-
400 2339 498 2390 29.
544 2320 771 2379 Stabilita
815 2325 964 2395 igitur
1003 2324 1099 2379 hac
1142 2325 1408 2399 hypothesi
1433 2370 1446 2395 ‚
1471 2323 1825 2397 phaenomena
1849 2331 1935 2381 ca-

158 2406 234 2463 fils
274 2408 473 2479 primi,
518 2425 621 2479 quo
664 2421 773 2463 tam
816 2410 1080 2465 obiectum
1125 2429 1278 2485 quam
1324 2412 1666 2484 spectatorem
1712 2414 1763 2466 in
1797 2410 1930 2484 quiess

157 2504 209 2548 te
254 2490 512 2563 posuimus
534 2534 549 2562 ,
593 2496 813 2546 omnino
856 2496 1138 2550 manebunt
1181 2510 1241 2552 vt
1283 2496 1424 2569 supra
1449 2496 1794 2568 exposuimus:
1834 2511 1934 2569 pro

155 2577 268 2633 casu
310 2576 524 2650 secundo
567 2593 740 2632 autem
786 2593 846 2630 ea
887 2582 1105 2634 mutatio
1148 2582 1371 2637 adhiberi
1415 2583 1565 2636 debet
1586 2624 1603 2651 ‚
1668 2582 1802 2634 cuius
1856 2578 1932 2635 fess

155 2664 323 2718 cimus
368 2666 680 2718 mentionem
708 2707 723 2731 ‚
769 2662 952 2718 scilicet
991 2665 1110 2719 loco
1152 2666 1320 2738 anguli
1363 2664 1521 2720 OAV
1548 2709 1564 2736 ‚
1607 2666 1692 2737 qui
1725 2666 1933 2736 praebet

158 2749 496 2804 differentiam
555 2751 686 2804 inter
741 2749 914 2804 locum
974 2749 1164 2805 obieffi
1218 2765 1549 2823 apparentem
1600 2763 1654 2804 et
1706 2766 1888 2806 verum
1913 2794 1931 2823 ,

155 2847 291 2906 cuius
339 2857 549 2921 tangens
587 2855 692 2905 erat
714 2863 790 2903 z:
813 2834 927 2928 3225-
979 2844 1194 2903 substitui
1244 2847 1395 2905 debet
1434 2845 1640 2921 angulus
1691 2847 1826 2903 cuius
1868 2846 1931 2903 fi-

739 2956 744 2959 ⁴
956 2933 1019 2992 X
1062 2944 1096 2998 3
1839 2931 1933 2989 nus
