2378 3564
447 174 567 227 266
719 159 1235 224 SCHEDIASMA
1283 163 1394 221 DE
1435 166 1894 234 VENTORVM
1940 182 2029 231 etc.

450 314 694 392 superest,
719 327 770 371 et
812 316 948 372 votis
990 329 1067 372 tot
1112 316 1356 372 Virorum
1389 315 1542 371 hodie
1568 316 2098 390 perspicaciffimorum
2122 342 2207 382 ex-

448 406 668 478 petitum
711 414 864 476 atque
911 415 1237 476 peroptatum
1285 403 1474 459 iamdiu
1521 402 1646 457 fuit:
1694 404 1745 457 id
1791 404 2022 476 Imperio
2049 412 2210 470 Ruffi-

446 506 513 545 co
538 533 554 560 ‚
597 489 798 561 eiusque
842 486 1188 543 Dominatrici
1235 488 1601 544 Potentissimae
1645 487 1881 542 relictum
1931 495 2026 548 effe
2073 499 2209 559 vide-

447 588 528 630 tur
550 617 566 644 ‚
610 572 884 629 fauentibus
927 572 1047 628 huic
1093 576 1305 645 negotio
1346 586 1399 628 et
1445 574 1700 645 Augustae
1750 575 2096 633 munificentia
2120 625 2136 651 ,
2159 596 2211 638 et

444 659 663 732 Imperii
715 659 855 715 huius
922 661 1113 714 mirum
1179 659 1372 714 extensi
1436 659 1785 731 amplitudine⁴
1879 657 2017 717 Cum
2064 664 2214 736 igitur

446 745 771 817 tempestates
809 760 988 799 omnes
1013 788 1027 813 ‚
1072 755 1158 796 aut
1202 745 1329 796 ae'ris
1371 756 1421 797 et
1464 745 1597 798 coeli
1641 746 1906 817 temperies
1927 790 1942 815 ‚
2006 747 2098 803 sint
2135 748 2218 805 vel
2304 817 2307 819 ⁵

448 828 616 888 Statae
639 872 655 897 ,
700 830 784 882 vel
830 827 1005 895 Vagae
1030 867 1045 892 ‚
1091 842 1299 896 quarum
1338 825 1445 880 illae
1489 830 1699 882 innuunt
1743 831 1994 900 generales
2052 845 2191 890 muta

446 915 609 966 tiones
649 912 776 965 a'e‘ris
817 925 945 982 quae
991 908 1149 962 telluri
1193 910 1387 964 nostrae
1427 913 1657 964 accidunt
1709 912 1778 958 ob
1818 915 2015 962 varium
2084 906 2216 965 Solis

436 1013 564 1069 erga
608 1012 700 1050 nos
742 994 891 1051 fitum
919 1035 935 1061 ,
1002 994 1079 1045 vti
1118 993 1242 1044 dum
1297 991 1429 1062 apud
1475 1006 1567 1044 nos
1608 988 1902 1061 generaliter
1967 993 2214 1048 mensibus

446 1078 754 1136 Decembris
779 1118 795 1144 ,
860 1073 1073 1129 Ianuarii
1113 1087 1166 1126 et
1210 1074 1466 1130 Februarii
1531 1075 1713 1146 frigore
1757 1087 1810 1129 et
1853 1074 1970 1130 niue
2032 1078 2213 1133 omnia

449 1161 851 1231 constringuntur
890 1169 943 1213 et
986 1170 1258 1231 teguntur;
1306 1158 1551 1212 mensibus
1590 1172 1765 1214 autem
1821 1161 2011 1217 aestiuis
2077 1162 2216 1218 calor

449 1245 623 1317 redit3
668 1243 766 1301 hae
809 1260 933 1299 vero
975 1242 1253 1315 significant
1276 1243 1572 1297 intenfitates
1597 1287 1610 1312 ,
1654 1245 1831 1300 harum
1867 1246 2211 1304 mutationum

449 1329 760 1405 generalium
786 1372 802 1400 ,
845 1328 1008 1382 modo
1053 1330 1277 1382 minores
1302 1371 1317 1397 ,
1369 1327 1542 1399 quibus
1609 1329 1835 1396 accidit,
1899 1343 1957 1383 vt
1999 1348 2080 1386 ex.
2129 1349 2211 1404 gr.

447 1430 547 1469 vna
587 1407 779 1479 hyeme
821 1411 1002 1463 saeuius
1042 1410 1194 1480 frigus
1234 1422 1410 1481 regnet
1436 1452 1451 1478 ‚
1494 1428 1648 1479 quam
1692 1411 1887 1484 altera;
1933 1430 2030 1470 vna
2062 1417 2215 1471 aesta-

450 1508 504 1553 te
547 1494 793 1551 remiffior
831 1493 970 1550 calor
1010 1492 1246 1547 sentiatur
1273 1535 1288 1564 ,
1332 1504 1414 1546 aut
1459 1493 1653 1563 pluuiae
1694 1494 2001 1563 copiosiores
2033 1500 2216 1556 cadant

451 1599 604 1657 quam
649 1580 838 1637 altera:
883 1591 1034 1653 atque
1074 1579 1206 1652 apud
1250 1593 1430 1634 omnes
1471 1575 1704 1632 scientiae
1748 1578 1973 1632 naturalis
2037 1581 2218 1637 autho·-

454 1685 532 1723 res
575 1668 628 1721 in
671 1665 888 1722 confesso
930 1666 990 1722 sit
1013 1708 1029 1736 ‚
1071 1665 1393 1738 praecipuam
1419 1707 1434 1734 ,
1476 1673 1530 1716 et
1573 1662 1674 1717 fere
1724 1662 1926 1716 vnicam
1952 1705 1968 1732 ,
2035 1663 2220 1722 harum

450 1752 811 1824 tempestatum
858 1767 1104 1824 vagarum
1149 1749 1345 1806 causam
1410 1749 1628 1821 politam
1684 1746 1781 1801 effe
1824 1749 1878 1803 in
1920 1747 2104 1804 Ventis
2144 1752 2224 1806 in·

453 1855 544 1912 que
589 1836 777 1892 horum
823 1836 1148 1891 vehementia
1191 1847 1243 1891 et
1288 1834 1602 1910 qualitatibus
1624 1833 1863 1907 reliqui53
1911 1832 2079 1892 nescio
2102 1836 2221 1908 quid

451 1925 513 1979 ad
561 1922 996 1995 Meteorognofiae
1041 1921 1291 1977 scientiam
1336 1920 1707 1976 stabiliendam*
1733 1920 2012 1974 conducere
2058 1921 2222 1992 magis

454 2009 606 2081 poffit
632 2053 647 2079 ,
695 2024 849 2079 quam
897 2010 951 2062 in
995 2005 1307 2078 amplisfimo
1351 2006 1522 2077 aliquo
1562 2019 1724 2076 regno
1751 2043 1766 2070 ‚
1793 2003 1934 2075 quale
1959 2004 2030 2058 est
2052 2003 2220 2064 Ruffi-

457 2110 576 2147 cum
608 2136 623 2162 ,
668 2092 880 2146 instituta
925 2107 992 2145 ex
1036 2093 1213 2145 animo
1256 2091 1530 2144 deliberato
1559 2131 1574 2158 ,
1621 2100 1672 2141 et
1717 2103 1810 2159 per
1851 2103 2103 2144 annorum
2128 2089 2233 2146 ali-‚

454 2195 609 2248 quam
654 2176 833 2230 seriem
874 2175 1166 2232 continuata
1190 2219 1208 2249 ,
1254 2176 1541 2231 Ventorum
1586 2170 1880 2228 obstruatio
1903 2216 1921 2245 ,
1942 2173 2027 2229 vel
2050 2175 2221 2249 potius

453 2261 688 2317 Historia.

609 2346 656 2412 ξ.
691 2350 744 2401 8.
792 2344 1086 2418 Proponam
1129 2344 1295 2418 itaque
1339 2344 1646 2400 methodum
1672 2387 1688 2415 ‚
1733 2341 1867 2397 cuius
1910 2359 2014 2418 ope
2056 2344 2222 2404 obstr·

453 2433 680 2488 nationes
722 2429 817 2486 hae
872 2445 1155 2486 ventorum*
1215 2431 1401 2485 institui
1469 2431 1667 2504 poffunt
1690 2471 1706 2499 ,
1777 2429 1847 2484 ita
1892 2442 1950 2484 vt
1993 2431 2179 2487 vtilitas
2200 2472 2218 2500 ‚

453 2535 583 2591 quae
627 2517 809 2571 exinde
853 2517 1141 2588 quaeritur3
1189 2515 1303 2571 astu
1348 2515 1459 2589 ipso
1500 2517 1781 2571 obtineatur
1808 2557 1822 2584 ‚
1880 2527 1934 2570 et
1985 2526 2215 2584 tempore

455 2604 660 2675 quidem
689 2646 705 2671 2
748 2614 806 2655 vt
848 2600 1039 2674 sperare
1083 2602 1286 2670 audeo,
1335 2619 1436 2656 non
1478 2603 1629 2658 nimis
1673 2601 1906 2655 diuturno
1931 2641 1945 2665 ,
1969 2598 2045 2651 sed
2072 2595 2215 2667 quin-

455 2704 550 2758 que
593 2700 678 2742 aut
722 2685 810 2740 lex
854 2688 1217 2742 tantummodo
1259 2704 1525 2742 annorum.
1612 2685 1784 2752 Seligo
1827 2683 1973 2751 igitur
2014 2680 2076 2734 ad
2111 2680 2216 2735 hoc

454 2787 589 2844 opus
626 2771 791 2827 Vrbes
829 2772 1102 2828 duodecim
1146 2773 1299 2828 totius
1339 2772 1539 2830 Ruffiae
1583 2769 1873 2840 sequentes:
1937 2780 1988 2816 1.
2036 2764 2170 2836 Riga
2197 2806 2213 2835 ,

1945 2864 2002 2905 2.
2028 2849 2214 2906 Peters-
