2378 3564
504 223 631 292 306
681 211 953 280 DESC‘R.
981 211 1083 274 ΕΤ
1098 206 1282 274 lC'ON
1304 205 1553 273 NOVAE
1574 205 1925 279 BERMVD'.
1952 211 2255 275 SPECIEI.

653 380 702 435 E
748 378 1060 453 superiorum
1127 375 1365 431 foliorum
1429 371 1624 428 sinubus
1690 377 1932 445 temporis
1997 377 2254 450 progressu

494 465 676 521 ramuli
717 466 1080 521 emittebantur
1124 461 1290 517 foliofi
1335 459 1513 514 itidem
1561 472 1611 512 et
1652 457 1960 530 geniculati,
2003 476 2183 520 teretes
2205 481 2259 523 et

492 551 691 623 glabri,
759 553 813 605 in
855 551 979 606 alios
1043 548 1269 604 minores
1333 545 1583 600 diuaricati
1612 587 1628 613 ,
1670 560 1697 596 e
1741 560 1955 616 quorum
2025 551 2259 618 geniculis

493 637 703 692 tandem
746 649 799 690 et
843 653 909 691 ex
951 646 1261 689 accretorum
1308 631 1603 686 foliolorum
1648 630 1736 683 alis
1757 629 1975 701 pediculi
2000 630 2259 704 surgebant

492 722 713 777 vnciales
757 721 867 793 plus
915 721 1083 774 minus
1107 761 1124 788 ,
1194 730 1365 770 tenues
1391 759 1407 785 ,
1450 734 1479 771 e
1525 716 1674 770 viridi
1741 713 2052 770 flauescentes
2077 759 2093 787 ,
2145 731 2263 778 >tres

487 819 703 878 quatuor
745 817 830 858 aut
872 803 1035 874 plures
1060 844 1077 870 ,
1120 815 1338 872 quorum
1382 800 1553 873 singuli
1599 803 1653 855 in
1693 800 1953 855 cacumine
2019 800 2259 874 embryo-

488 906 614 943 nem
660 888 898 961 gerebant
940 886 1237 959 triquetrum
1256 929 1270 955 ,
1320 884 1598 957 oblongum
1627 929 1641 955 ,
1684 885 2030 956 splendentem
2058 930 2074 957 ‚
2129 888 2262 947 dilu-

489 985 545 1029 te
587 974 831 1029 viridem.
917 971 1014 1027 His
1054 982 1226 1026 autem
1270 969 1639 1025 innastzebantur
1682 970 1837 1026 flores
1875 969 1982 1027 satis
2049 975 2216 1048 ampli
2238 1017 2261 1048 ,

485 1057 779 1132 hexapetali
804 1103 822 1130 ,
861 1055 1076 1114 interdiu
1120 1056 1326 1127 expansi
1350 1100 1363 1124 ‚
1409 1056 1564 1111 noctu
1604 1053 1765 1110 clausi.
1854 1057 2070 1112 Florum
2112 1072 2259 1133 peta.

485 1144 543 1202 la
577 1145 764 1217 singula
810 1143 1116 1199 semunciam
1157 1142 1350 1195 circiter
1390 1142 1545 1214 longa
1584 1155 1725 1195 erant
1750 1185 1769 1211 ‚
1806 1143 2045 1197 trientem
2107 1145 2258 1219 poni.

485 1229 563 1285 cis
601 1242 801 1303 praeter
840 1239 1057 1301 propter
1099 1225 1199 1280 lata
1225 1266 1240 1293 ,
1295 1226 1531 1296 vtrinque
1592 1226 1848 1296 angustata
1869 1271 1890 1299 ,A
1927 1243 1958 1281 e
2001 1228 2142 1286 flauo
2174 1249 2259 1288 ru.

487 1313 659 1369 bentia
685 1357 700 1384 ,
745 1313 874 1367 intus
916 1310 1126 1374 maculis
1166 1308 1401 1381 plurimis
1441 1310 1684 1363 coccineis
1703 1349 1724 1377 ,
1763 1311 2134 1379 elegantissimis
2177 1317 2260 1374 in·
2303 1349 2308 1353 ,

485 1398 659 1468 fignita
686 1439 701 1465 ,
746 1410 910 1466 prope
952 1395 1090 1446 basin
1113 1434 1129 1457 ,
1175 1394 1368 1445 interna
1414 1393 1600 1444 scilicet
1642 1408 1825 1445 eorum
1865 1392 2126 1464 superficie
2151 1442 2168 1467 ‚
2190 1402 2258 1458 ad

485 1480 723 1536 medium
766 1477 924 1551 Vsque
961 1491 1150 1550 parum
1188 1472 1366 1527 sulcata
1389 1515 1404 1541 ,
1448 1475 1504 1528 in
1544 1473 1723 1545 quibus>
1759 1473 1905 1527 sulcis.
1945 1476 2106 1546 liquor
2129 1484 2255 1539 mel-

485 1564 554 1621 lei
598 1563 789 1637 saporis
825 1562 1192 1618 continebatur.
1277 1558 1447 1613 Petala
1486 1557 1618 1613 haec>
1659 1555 1904 1612 durabilia
1945 1573 2058 1612 non
2075 1575 2226 1616 erant
2241 1608 2268 1637 ‚

484 1648 569 1706 sed
614 1649 777 1723 spatio
813 1649 959 1704 vnius
997 1659 1083 1703 aut
1124 1644 1329 1701 alterius
1363 1642 1466 1699 diei
1520 1641 1877 1699 flaccescebant·
1895 1685 1918 1713 ,.
1953 1655 2267 1718 contorque·

487 1735 670 1792 bantur
691 1781 710 1808 ,
752 1747 808 1791 et
845 1732 1147 1803 embryonis
1184 1729 1465 1786 summitati
1504 1727 1668 1802 spirae
1706 1728 1765 1783 in-
1806 1727 2028 1784 modum
2056 1742 2264 1789 contor.

483 1832 537 1879 ta
578 1821 754 1878 eidem
796 1820 863 1876 ad
904 1819 1260 1875 maturitatem
1303 1814 1461 1889 Vsque
1503 1814 1853 1870 inhaerebant,

642 1906 1011 1983 Embryonum
1051 1919 1213 1977 porro
1248 1901 1556 1973 singulorum
1610 1898 1983 1956 summitatibus
2040 1899 2261 1957 innasce-

483 1993 636 2052 batur
674 1991 917 2066 pistillum
957 1992 1165 2047 vnciam
1208 1988 1398 2043 circiter
1437 1987 1648 2058 longum
1675 2028 1691 2055 ‚
1736 1999 1902 2057 prope
1941 1984 2076 2040 basin
2109 1987 2259 2043 valde

483 2090 636 2136 tenue
677 2089 731 2132 et
769 2090 896 2132 teres
919 2121 940 2148 ,
977 2089 1275 2131 extremum
1317 2068 1485 2126 versus
1531 2069 1826 2141 ampliatum
1854 2112 1871 2139 ,
1912 2071 2212 2143 triquetrum
2237 2114 2258 2145 ,

482 2163 672 2223 coloris
708 2161 869 2218 dilute
905 2161 1129 2217 rubentis
1149 2202 1170 2230 ,
1209 2157 1350 2230 apice
1392 2156 1446 2209 in
1490 2153 1574 2209 sex
1617 2153 1878 2227 segmenta
1905 2197 1921 2224 ‚
1965 2156 2063 2210 tria
2128 2155 2256 2212 scili-

483 2261 571 2305 cet
611 2249 868 2304 exteriora
912 2259 967 2302 et
1008 2247 1204 2303 maiora
1226 2287 1246 2314 ‚
1289 2253 1440 2315 atque
1463 2241 1522 2297 in
1540 2241 1785 2298 interiora
1809 2240 2010 2298 minora
2033 2283 2051 2315 ,
2073 2241 2255 2298 oblon-

483 2350 550 2411 ga
565 2377 582 2406 ‚
624 2332 814 2408 pallida
856 2344 914 2388 et
954 2331 1112 2407 pilosa
1149 2328 1340 2386 fiffum.

642 2420 698 2477 E
735 2418 890 2475 tribus
933 2432 1104 2475 autem
1146 2412 1432 2490 petalorum
1473 2412 1774 2469 interiorum
1814 2411 2068 2486 vnguibus
2088 2457 2103 2485 ,
2125 2427 2253 2486 quae

484 2504 816 2561 exterioribus
854 2503 1055 2560 subinde
1096 2503 1271 2577 paullo
1312 2501 1506 2556 maiora
1547 2497 1657 2554 sunt
1680 2543 1698 2570 ‚
1745 2499 1954 2554 stamina
2022 2498 2242 2555 orieban-

481 2603 563 2647 tur
607 2591 663 2646 in
703 2590 905 2663 singulis
945 2589 1125 2663 petalis
1164 2587 1373 2644 solitaria
1394 2630 1414 2658 ,
1455 2585 1643 2659 pistillo
1685 2584 1908 2641 dimidio
1961 2585 2061 2640 fere
2131 2581 2245 2634 bre-

481 2676 627 2732 viora
650 2719 667 2746 ,
710 2676 868 2732 dilute
906 2676 1090 2733 itidem
1131 2675 1361 2731 rubentia
1386 2716 1401 2744 ,
1468 2671 1686 2744 apicibus
1719 2670 1942 2742 praedita
2004 2665 2245 2720 trientem

482 2762 670 2816 vnciae
710 2761 869 2833 longis
891 2807 907 2833 ,
950 2762 1219 2820 dimidiam
1261 2761 1455 2822 circiter
1494 2757 1683 2815 lineam
1725 2753 1837 2809 latis
1858 2793 1877 2824 ,
1929 2747 2247 2810 subtilissimo

484 2839 625 2902 luteo
666 2844 870 2923 puluere
911 2845 1126 2923 asperfis.

1998 2918 2244 2993 Embryo
