2378 3564
1485 152 1521 173 ’4,

236 243 842 315 OBSERVATIONES
883 248 1614 323 METEOROLOGIC‘AE.
1718 277 1751 316 2
1762 272 1832 332 51

76 402 216 459 diam
261 405 470 463 noetem
517 405 856 479 insequentem
921 409 1218 480 procellosus
1283 413 1466 470 Auster
1533 416 1840 490 insurgeret:

74 491 377 547 concludere
420 492 536 546 licet
563 533 577 560 ,
624 492 756 546 hunc
800 504 1007 547 ventum
1051 511 1079 547 e
1123 498 1263 551 terris
1303 500 1467 553 versus
1493 502 1734 558 Austrum
1784 505 1844 560 fi-

74 574 138 629 tis
181 578 422 648 egressum
468 578 574 632 iam
619 588 732 631 tum
777 577 977 631 initium
1007 578 1217 632 sumslsse
1240 597 1360 635 cum
1388 587 1647 657 praecipiti
1672 589 1839 644 ascen·

71 659 121 715 su
165 662 631 717 Thermometrum
677 661 928 717 variatum
973 661 1067 717 fuit
1091 707 1107 732 ,
1150 677 1298 738 atque
1339 669 1570 737 primum
1628 673 1837 743 quidem

72 747 179 801 a'e'ri
220 747 508 821 Kirengenfi
549 748 932 820 vicinorumque
975 750 1242 822 regionum
1310 760 1550 825 magnam
1593 757 1704 810 vim
1752 775 1843 814 va-

71 847 256 904 porum
302 833 630 889 humidorum
671 845 723 888 et
765 834 1042 889 calidorum
1087 835 1309 890 infudisse
1335 880 1350 907 ,
1396 856 1492 911 qua
1517 840 1561 894 is
1585 840 1740 896 subito
1764 845 1845 899 in·

69 917 375 991 calescebat3
421 919 512 974 hae
554 920 721 991 itaque
778 936 1038 991 vaporum
1104 920 1509 978 accumulatione
1577 928 1683 981 ae'ri
1727 946 1843 1000 per-

72 1004 251 1060 mixda
293 1005 752 1059 Thermometrum
798 1003 965 1060 multo
1007 1005 1151 1060 citius
1191 1005 1432 1062 affectum
1469 1008 1604 1064 fuisse
1631 1056 1646 1082 ‚
1690 1030 1838 1085 quam

73 1102 246 1145 motus
307 1089 410 1163 ipste
452 1089 558 1143 a'e‘ri
626 1090 910 1163 Kirengenfi
977 1091 1199 1162 potuerit
1275 1092 1556 1164 imprimi,
1599 1109 1657 1149 vt
1701 1111 1754 1152 et
1798 1101 1840 1156 is

70 1177 243 1230 omnis
282 1176 457 1229 eadem
500 1172 782 1226 directione
825 1186 879 1225 et
906 1174 1151 1226 celeritate
1181 1215 1196 1243 ,
1239 1191 1392 1246 quam
1430 1177 1681 1235 incurrens
1724 1186 1841 1255 aer,

71 1261 280 1314 tandem
323 1259 447 1313 latus
487 1255 635 1310 fuerit
661 1298 675 1325 ‚
718 1256 854 1329 quod
903 1255 1019 1328 post
1066 1271 1096 1324 5
1144 1258 1343 1314 circiter
1407 1261 1557 1319 horas
1622 1267 1838 1325 demum

67 1332 257 1398 fac‘tum
303 1343 388 1397 est.
473 1339 621 1395 Idem
665 1341 730 1395 de
775 1340 940 1396 altero
981 1341 1108 1398 casu·
1132 1344 1375 1400 iudicium
1424 1347 1536 1404 ferri
1604 1355 1797 1423 poterit
1821 1398 1836 1428 ,

67 1444 170 1499 quo
210 1427 399 1498 aquuot
441 1425 559 1499 post
605 1425 1012 1498 phaenomenon
1055 1427 1197 1484 horis
1238 1431 1513 1488 vehemens
1566 1431 1841 1510 Zephyrus

62 1510 399 1566 exoriebatur.
487 1508 627 1565 Cum
669 1512 813 1565 enim
855 1529 923 1566 eo
948 1552 964 1578 ‚
1011 1524 1064 1566 et
1090 1513 1264 1569 multis
1298 1519 1705 1587 praecedentibus
1726 1525 1837 1581 die·

63 1596 154 1653 bus
193 1597 416 1651 constans
467 1594 709 1667 regelatio
773 1595 1035 1670 Petropoli
1059 1642 1075 1669 ‚
1119 1611 1172 1654 et
1213 1599 1316 1655 fine
1360 1603 1515 1660 dubio
1579 1609 1735 1664 etiam
1780 1613 1836 1666 in

62 1681 186 1737 locis
224 1680 504 1753 Kirengam
571 1683 706 1736 inte-r
748 1693 800 1736 et
842 1683 1136 1757 Petropolin
1207 1686 1475 1744 iacentibus
1539 1691 1834 1752 sentiretur:

63 1768 224 1822 etiam
266 1766 368 1821 hoc
409 1765 522 1822 casu
565 1766 677 1821 fieri
717 1768 889 1839 potuit
912 1811 928 1840 ,
975 1782 1032 1824 vt
1071 1770 1318 1827 >excitatus
1360 1774 1416 1828 in
1461 1775 1578 1832 loco
1601 1783 1836 1838 occiden-

65 1852 232 1906 taliori
277 1864 454 1907 ventus
497 1851 679 1911 subitus
734 1857 908 1909 aerem
953 1854 1315 1928 Kirengensem
1384 1864 1614 1919 maxima
1661 1866 1835 1925 humi·

63 1937 248 1991 dorum
294 1949 345 1990 et
385 1937 661 1995 calidorum
712 1937 988 1996 humorum
1056 1944 1203 2014 copia
1267 1946 1580 2004 inundauerit
1604 1995 1618 2021 ‚
1686 1967 1832 2027 atque

63 2037 120 2077 ea
177 2019 428 2076 ascensum
494 2022 714 2079 subitum
781 2025 1308 2085 Thermometrorum
1376 2034 1512 2105 prius
1576 2037 1792 2094 effecerit
1825 2083 1842 2112 ‚

66 2123 217 2179 quam
260 2107 512 2167 violentus
553 2109 595 2167 is
634 2121 807 2166 motus
849 2112 946 2169 toti
990 2116 1118 2172 n‘eris
1159 2113 1471 2195 Kirengenfis
1505 2122 1684 2181 massae
1708 2142 1833 2183 con·

64 2191 321 2248 ciliaretur.

226 2279 272 2343 §.
305 2291 398 2346 17.
446 2283 642 2360 Qun-to
679 2298 740 2343 vt
781 2287 964 2363 aliquid
1009 2292 1168 2348 etiam
1223 2293 1287 2351 de
1333 2296 1527 2352 ratione
1593 2298 1827 2356 directio-

68 2361 142 2416 nis
182 2374 455 2419 ventorum
498 2372 551 2423 in
594 2385 730 2427 tanta
776 2375 1009 2429 distantia
1057 2388 1174 2443 580
1218 2380 1511 2438 milliarium
1559 2380 1831 2443 Germani-

64 2462 246 2504 corum
291 2449 561 2509 innotescat
587 2497 603 2526 ‚
646 2472 906 2532 apponam
948 2477 1129 2517 eorum
1174 2464 1368 2537 aliquot
1412 2470 1692 2544 exempla:

907 2544 1130 2619 Kirenge
1278 2551 1540 2623 Petnztpoli

315 2619 556 2682 octobris
671 2642 743 2682 10
788 2658 846 2668 -
932 2627 1016 2684 W
1060 2650 1101 2699 4
1186 2662 1244 2672 --
1341 2634 1424 2689 W
1470 2655 1512 2704 4
