<?xml version="1.0" encoding="UTF-8"?>
<!DOCTYPE html PUBLIC "-//W3C//DTD XHTML 1.0 Transitional//EN"
    "http://www.w3.org/TR/xhtml1/DTD/xhtml1-transitional.dtd">
<html xmlns="http://www.w3.org/1999/xhtml" xml:lang="en" lang="en">
 <head>
  <title>
</title>
<meta http-equiv="Content-Type" content="text/html;charset=utf-8" />
  <meta name='ocr-system' content='tesseract 3.04.00' />
  <meta name='ocr-capabilities' content='ocr_page ocr_carea ocr_par ocr_line ocrx_word'/>
</head>
<body>
  <div class='ocr_page' id='page_1' title='image "./commentariiacade11impe_0011.png"; bbox 0 0 2378 3564; ppageno 0'>
   <div class='ocr_carea' id='block_1_1' title="bbox 252 108 1998 211">
    <p class='ocr_par' dir='ltr' id='par_1_1' title="bbox 252 108 1998 211">
     <span class='ocr_line' id='line_1_1' title="bbox 252 108 1998 211; baseline 0 3353"><span class='ocrx_word' id='word_1_1' title='bbox 252 108 1998 211; x_wconf 95' lang='lat' dir='ltr'> </span> 
     </span>
    </p>
   </div>
   <div class='ocr_carea' id='block_1_2' title="bbox 691 388 1503 472">
    <p class='ocr_par' dir='ltr' id='par_1_2' title="bbox 691 388 1503 472">
     <span class='ocr_line' id='line_1_2' title="bbox 691 388 1503 472; baseline 0 -2"><span class='ocrx_word' id='word_1_2' title='bbox 691 390 842 470; x_wconf 88' lang='lat' dir='ltr'>DE</span> <span class='ocrx_word' id='word_1_3' title='bbox 873 388 1418 472; x_wconf 62' lang='lat' dir='ltr'>›PRODVCT</span> <span class='ocrx_word' id='word_1_4' title='bbox 1424 390 1503 470; x_wconf 90' lang='lat' dir='ltr'>IS</span> 
     </span>
    </p>
   </div>
   <div class='ocr_carea' id='block_1_3' title="bbox 446 512 1749 655">
    <p class='ocr_par' dir='ltr' id='par_1_3' title="bbox 446 512 1749 655">
     <span class='ocr_line' id='line_1_3' title="bbox 446 512 1749 578; baseline -0.004 -2"><span class='ocrx_word' id='word_1_5' title='bbox 446 517 553 576; x_wconf 88' lang='lat' dir='ltr'>EX</span> <span class='ocrx_word' id='word_1_6' title='bbox 611 516 696 574; x_wconf 90' lang='lat' dir='ltr'>IN</span> <span class='ocrx_word' id='word_1_7' title='bbox 701 518 737 572; x_wconf 77' lang='lat' dir='ltr'>F</span> <span class='ocrx_word' id='word_1_8' title='bbox 739 512 969 573; x_wconf 90' lang='lat' dir='ltr'>INITIS</span> <span class='ocrx_word' id='word_1_9' title='bbox 1014 513 1471 575; x_wconf 80' lang='lat' dir='ltr'>FACTORIBVS</span> <span class='ocrx_word' id='word_1_10' title='bbox 1510 513 1749 578; x_wconf 67' lang='lat' dir='ltr'>ORTIS„</span> 
     </span>
     <span class='ocr_line' id='line_1_4' title="bbox 936 603 1255 655; baseline 0.006 -2"><span class='ocrx_word' id='word_1_11' title='bbox 936 603 1255 655; x_wconf 82' lang='lat' dir='ltr'><em>AVCTORE</em></span> 
     </span>
    </p>
   </div>
   <div class='ocr_carea' id='block_1_4' title="bbox 872 679 1317 765">
    <p class='ocr_par' dir='ltr' id='par_1_4' title="bbox 872 679 1317 765">
     <span class='ocr_line' id='line_1_5' title="bbox 872 679 1317 765; baseline -0.009 -1"><span class='ocrx_word' id='word_1_12' title='bbox 872 683 963 764; x_wconf 90' lang='lat' dir='ltr'>L.</span> <span class='ocrx_word' id='word_1_13' title='bbox 1023 679 1317 765; x_wconf 74' lang='lat' dir='ltr'>Eulero.</span> 
     </span>
    </p>
   </div>
   <div class='ocr_carea' id='block_1_5' title="bbox 234 887 1981 1171">
    <p class='ocr_par' dir='ltr' id='par_1_5' title="bbox 234 887 1981 1171">
     <span class='ocr_line' id='line_1_6' title="bbox 1025 887 1185 944; baseline 0.013 -11"><span class='ocrx_word' id='word_1_14' title='bbox 1025 887 1076 944; x_wconf 67' lang='grc' dir='ltr'>ξ.</span> <span class='ocrx_word' id='word_1_15' title='bbox 1131 903 1158 934; x_wconf 90' lang='lat'>1</span> <span class='ocrx_word' id='word_1_16' title='bbox 1172 925 1185 935; x_wconf 92' lang='lat'><strong>.</strong></span> 
     </span>
     <span class='ocr_line' id='line_1_7' title="bbox 488 986 1979 1062; baseline -0.003 -16"><span class='ocrx_word' id='word_1_17' title='bbox 488 1009 577 1046; x_wconf 91' lang='lat' dir='ltr'>um</span> <span class='ocrx_word' id='word_1_18' title='bbox 634 993 686 1045; x_wconf 92' lang='lat' dir='ltr'>in</span> <span class='ocrx_word' id='word_1_19' title='bbox 728 988 937 1057; x_wconf 87' lang='lat' dir='ltr'>Analyfi</span> <span class='ocrx_word' id='word_1_20' title='bbox 981 991 1043 1043; x_wconf 88' lang='lat' dir='ltr'>ad</span> <span class='ocrx_word' id='word_1_21' title='bbox 1088 986 1340 1043; x_wconf 87' lang='lat' dir='ltr'>eiusmodi</span> <span class='ocrx_word' id='word_1_22' title='bbox 1396 990 1694 1058; x_wconf 84' lang='lat' dir='ltr'>quantitates</span> <span class='ocrx_word' id='word_1_23' title='bbox 1746 998 1979 1062; x_wconf 69' lang='lat' dir='ltr'>perueni-</span> 
     </span>
     <span class='ocr_line' id='line_1_8' title="bbox 234 890 1981 1171; baseline 0.003 -46"><span class='ocrx_word' id='word_1_24' title='bbox 234 901 310 1171; x_wconf 81' lang='lat'>‹</span> <span class='ocrx_word' id='word_1_25' title='bbox 463 890 477 1141; x_wconf 50' lang='grc' dir='ltr'><strong>ξ</strong></span> <span class='ocrx_word' id='word_1_26' title='bbox 528 1086 609 1127; x_wconf 86' lang='lat' dir='ltr'>tur</span> <span class='ocrx_word' id='word_1_27' title='bbox 634 1115 649 1143; x_wconf 92' lang='lat'>,</span> <span class='ocrx_word' id='word_1_28' title='bbox 695 1090 819 1146; x_wconf 86' lang='lat' dir='ltr'>quae</span> <span class='ocrx_word' id='word_1_29' title='bbox 875 1074 1096 1127; x_wconf 88' lang='lat' dir='ltr'>numeris</span> <span class='ocrx_word' id='word_1_30' title='bbox 1153 1088 1241 1126; x_wconf 89' lang='lat' dir='ltr'>nec</span> <span class='ocrx_word' id='word_1_31' title='bbox 1285 1070 1608 1127; x_wconf 80' lang='lat' dir='ltr'>rationalibus</span> <span class='ocrx_word' id='word_1_32' title='bbox 1654 1089 1747 1127; x_wconf 88' lang='lat' dir='ltr'>nec</span> <span class='ocrx_word' id='word_1_33' title='bbox 1789 1075 1981 1130; x_wconf 87' lang='lat' dir='ltr'>irratio-</span> 
     </span>
    </p>
   </div>
   <div class='ocr_carea' id='block_1_6' title="bbox 206 1155 1985 2808">
    <p class='ocr_par' dir='ltr' id='par_1_6' title="bbox 206 1155 1985 2492">
     <span class='ocr_line' id='line_1_9' title="bbox 529 1155 1984 1231; baseline 0.002 -19"><span class='ocrx_word' id='word_1_34' title='bbox 529 1157 716 1213; x_wconf 89' lang='lat' dir='ltr'>nalibus</span> <span class='ocrx_word' id='word_1_35' title='bbox 785 1158 980 1230; x_wconf 86' lang='lat' dir='ltr'>exponi</span> <span class='ocrx_word' id='word_1_36' title='bbox 1047 1157 1246 1231; x_wconf 76' lang='lat' dir='ltr'>possunt</span> <span class='ocrx_word' id='word_1_37' title='bbox 1268 1199 1284 1227; x_wconf 90' lang='lat'>‚</span> <span class='ocrx_word' id='word_1_38' title='bbox 1347 1155 1686 1228; x_wconf 68' lang='lat' dir='ltr'>expressiones</span> <span class='ocrx_word' id='word_1_39' title='bbox 1751 1158 1984 1215; x_wconf 85' lang='lat' dir='ltr'>infinitae</span> 
     </span>
     <span class='ocr_line' id='line_1_10' title="bbox 222 1239 1983 1314; baseline -0.002 -12"><span class='ocrx_word' id='word_1_40' title='bbox 222 1247 284 1302; x_wconf 85' lang='lat' dir='ltr'>ad</span> <span class='ocrx_word' id='word_1_41' title='bbox 353 1260 433 1297; x_wconf 91' lang='lat' dir='ltr'>eas</span> <span class='ocrx_word' id='word_1_42' title='bbox 503 1244 794 1314; x_wconf 77' lang='lat' dir='ltr'>quantitates</span> <span class='ocrx_word' id='word_1_43' title='bbox 849 1242 1154 1297; x_wconf 82' lang='lat' dir='ltr'>denotandas</span> <span class='ocrx_word' id='word_1_44' title='bbox 1202 1239 1429 1296; x_wconf 87' lang='lat' dir='ltr'>adhiberi</span> <span class='ocrx_word' id='word_1_45' title='bbox 1483 1240 1676 1296; x_wconf 85' lang='lat' dir='ltr'>solent:</span> <span class='ocrx_word' id='word_1_46' title='bbox 1736 1259 1861 1314; x_wconf 89' lang='lat' dir='ltr'>quae</span> <span class='ocrx_word' id='word_1_47' title='bbox 1916 1260 1983 1298; x_wconf 91' lang='lat' dir='ltr'>eo</span> 
     </span>
     <span class='ocr_line' id='line_1_11' title="bbox 222 1325 1984 1399; baseline -0.001 -14"><span class='ocrx_word' id='word_1_48' title='bbox 222 1329 384 1399; x_wconf 86' lang='lat' dir='ltr'>magis</span> <span class='ocrx_word' id='word_1_49' title='bbox 438 1327 651 1381; x_wconf 75' lang='lat' dir='ltr'>idoneae</span> <span class='ocrx_word' id='word_1_50' title='bbox 706 1326 810 1381; x_wconf 89' lang='lat' dir='ltr'>sunt</span> <span class='ocrx_word' id='word_1_51' title='bbox 861 1325 1130 1381; x_wconf 63' lang='lat' dir='ltr'>cenfiandae</span> <span class='ocrx_word' id='word_1_52' title='bbox 1155 1370 1171 1397; x_wconf 83' lang='lat'>‚</span> <span class='ocrx_word' id='word_1_53' title='bbox 1228 1342 1329 1397; x_wconf 91' lang='lat' dir='ltr'>quo</span> <span class='ocrx_word' id='word_1_54' title='bbox 1368 1326 1511 1380; x_wconf 88' lang='lat' dir='ltr'>citius</span> <span class='ocrx_word' id='word_1_55' title='bbox 1553 1342 1728 1381; x_wconf 84' lang='lat' dir='ltr'>earum</span> <span class='ocrx_word' id='word_1_56' title='bbox 1774 1342 1876 1398; x_wconf 89' lang='lat' dir='ltr'>ope</span> <span class='ocrx_word' id='word_1_57' title='bbox 1918 1327 1984 1385; x_wconf 86' lang='lat' dir='ltr'>ad</span> 
     </span>
     <span class='ocr_line' id='line_1_12' title="bbox 223 1410 1982 1483; baseline -0.001 -16"><span class='ocrx_word' id='word_1_58' title='bbox 223 1411 573 1482; x_wconf 84' lang='lat' dir='ltr'>cognitionem</span> <span class='ocrx_word' id='word_1_59' title='bbox 619 1422 671 1465; x_wconf 91' lang='lat' dir='ltr'>et</span> <span class='ocrx_word' id='word_1_60' title='bbox 715 1411 1120 1466; x_wconf 87' lang='lat' dir='ltr'>aestimationem</span> <span class='ocrx_word' id='word_1_61' title='bbox 1164 1410 1494 1483; x_wconf 84' lang='lat' dir='ltr'>quantitatum</span> <span class='ocrx_word' id='word_1_62' title='bbox 1536 1411 1596 1464; x_wconf 85' lang='lat' dir='ltr'>iis</span> <span class='ocrx_word' id='word_1_63' title='bbox 1634 1412 1982 1481; x_wconf 77' lang='lat' dir='ltr'>expressarum</span> 
     </span>
     <span class='ocr_line' id='line_1_13' title="bbox 222 1492 1984 1569; baseline 0 -19"><span class='ocrx_word' id='word_1_64' title='bbox 222 1496 529 1569; x_wconf 88' lang='lat' dir='ltr'>peruenitur.</span> <span class='ocrx_word' id='word_1_65' title='bbox 628 1494 932 1550; x_wconf 77' lang='lat' dir='ltr'>Huiusmodi</span> <span class='ocrx_word' id='word_1_66' title='bbox 984 1495 1136 1566; x_wconf 84' lang='lat' dir='ltr'>igitur</span> <span class='ocrx_word' id='word_1_67' title='bbox 1186 1492 1560 1566; x_wconf 88' lang='lat' dir='ltr'>expreffionum</span> <span class='ocrx_word' id='word_1_68' title='bbox 1614 1495 1876 1548; x_wconf 87' lang='lat' dir='ltr'>maximus</span> <span class='ocrx_word' id='word_1_69' title='bbox 1930 1506 1984 1550; x_wconf 89' lang='lat' dir='ltr'>et</span> 
     </span>
     <span class='ocr_line' id='line_1_14' title="bbox 206 1578 1981 1657; baseline -0.003 -22"><span class='ocrx_word' id='word_1_70' title='bbox 206 1578 547 1657; x_wconf 65' lang='lat' dir='ltr'>amplissimus</span> <span class='ocrx_word' id='word_1_71' title='bbox 570 1580 641 1634; x_wconf 88' lang='lat' dir='ltr'>est</span> <span class='ocrx_word' id='word_1_72' title='bbox 682 1579 801 1634; x_wconf 78' lang='lat' dir='ltr'>Vsus</span> <span class='ocrx_word' id='word_1_73' title='bbox 833 1579 895 1634; x_wconf 88' lang='lat' dir='ltr'>ad</span> <span class='ocrx_word' id='word_1_74' title='bbox 918 1578 1117 1633; x_wconf 81' lang='lat' dir='ltr'>valores</span> <span class='ocrx_word' id='word_1_75' title='bbox 1156 1579 1490 1651; x_wconf 82' lang='lat' dir='ltr'>quantitatum</span> <span class='ocrx_word' id='word_1_76' title='bbox 1510 1579 1981 1648; x_wconf 80' lang='lat' dir='ltr'>transcendentium,</span> 
     </span>
     <span class='ocr_line' id='line_1_15' title="bbox 218 1660 1982 1735; baseline -0.002 -17"><span class='ocrx_word' id='word_1_77' title='bbox 218 1664 498 1719; x_wconf 87' lang='lat' dir='ltr'>cuiusmodi</span> <span class='ocrx_word' id='word_1_78' title='bbox 541 1662 645 1716; x_wconf 90' lang='lat' dir='ltr'>sunt</span> <span class='ocrx_word' id='word_1_79' title='bbox 700 1662 994 1735; x_wconf 86' lang='lat' dir='ltr'>logarithmi</span> <span class='ocrx_word' id='word_1_80' title='bbox 1020 1707 1036 1733; x_wconf 80' lang='lat'>,</span> <span class='ocrx_word' id='word_1_81' title='bbox 1080 1678 1216 1716; x_wconf 88' lang='lat' dir='ltr'>arcus</span> <span class='ocrx_word' id='word_1_82' title='bbox 1273 1662 1529 1716; x_wconf 90' lang='lat' dir='ltr'>circulares</span> <span class='ocrx_word' id='word_1_83' title='bbox 1561 1706 1575 1732; x_wconf 84' lang='lat'>‚</span> <span class='ocrx_word' id='word_1_84' title='bbox 1630 1660 1844 1733; x_wconf 89' lang='lat' dir='ltr'>aliaeque</span> <span class='ocrx_word' id='word_1_85' title='bbox 1889 1677 1982 1733; x_wconf 87' lang='lat' dir='ltr'>per</span> 
     </span>
     <span class='ocr_line' id='line_1_16' title="bbox 222 1744 1985 1819; baseline -0.002 -17"><span class='ocrx_word' id='word_1_86' title='bbox 222 1748 533 1819; x_wconf 76' lang='lat' dir='ltr'>quadraturas</span> <span class='ocrx_word' id='word_1_87' title='bbox 575 1763 838 1801; x_wconf 81' lang='lat' dir='ltr'>curuarum</span> <span class='ocrx_word' id='word_1_88' title='bbox 882 1746 1241 1801; x_wconf 86' lang='lat' dir='ltr'>determinatae</span> <span class='ocrx_word' id='word_1_89' title='bbox 1266 1747 1556 1817; x_wconf 86' lang='lat' dir='ltr'>quantitates</span> <span class='ocrx_word' id='word_1_90' title='bbox 1584 1786 1599 1815; x_wconf 86' lang='lat'>,</span> <span class='ocrx_word' id='word_1_91' title='bbox 1643 1744 1985 1817; x_wconf 85' lang='lat' dir='ltr'>representan-</span> 
     </span>
     <span class='ocr_line' id='line_1_17' title="bbox 221 1829 1981 1903; baseline -0.001 -17"><span class='ocrx_word' id='word_1_92' title='bbox 221 1831 316 1886; x_wconf 86' lang='lat' dir='ltr'>dos</span> <span class='ocrx_word' id='word_1_93' title='bbox 355 1847 625 1903; x_wconf 84' lang='lat' dir='ltr'>earumque</span> <span class='ocrx_word' id='word_1_94' title='bbox 670 1829 917 1884; x_wconf 88' lang='lat' dir='ltr'>beneficio</span> <span class='ocrx_word' id='word_1_95' title='bbox 960 1830 1021 1884; x_wconf 89' lang='lat' dir='ltr'>ad</span> <span class='ocrx_word' id='word_1_96' title='bbox 1046 1843 1155 1884; x_wconf 89' lang='lat' dir='ltr'>tam</span> <span class='ocrx_word' id='word_1_97' title='bbox 1200 1830 1437 1884; x_wconf 64' lang='lat' dir='ltr'>exaitam</span> <span class='ocrx_word' id='word_1_98' title='bbox 1481 1848 1600 1885; x_wconf 90' lang='lat' dir='ltr'>cum</span> <span class='ocrx_word' id='word_1_99' title='bbox 1643 1830 1981 1900; x_wconf 88' lang='lat' dir='ltr'>logarithmo-</span> 
     </span>
     <span class='ocr_line' id='line_1_18' title="bbox 222 1913 1982 1985; baseline -0.001 -17"><span class='ocrx_word' id='word_1_100' title='bbox 222 1931 335 1969; x_wconf 91' lang='lat' dir='ltr'>rnm</span> <span class='ocrx_word' id='word_1_101' title='bbox 364 1958 378 1984; x_wconf 86' lang='lat'>‚</span> <span class='ocrx_word' id='word_1_102' title='bbox 424 1928 534 1968; x_wconf 89' lang='lat' dir='ltr'>tum</span> <span class='ocrx_word' id='word_1_103' title='bbox 578 1932 782 1969; x_wconf 90' lang='lat' dir='ltr'>arcuum</span> <span class='ocrx_word' id='word_1_104' title='bbox 825 1915 1176 1984; x_wconf 62' lang='lat' dir='ltr'>circularium-‚</span> <span class='ocrx_word' id='word_1_105' title='bbox 1221 1927 1333 1968; x_wconf 91' lang='lat' dir='ltr'>tum</span> <span class='ocrx_word' id='word_1_106' title='bbox 1378 1915 1536 1969; x_wconf 90' lang='lat' dir='ltr'>etiam</span> <span class='ocrx_word' id='word_1_107' title='bbox 1591 1913 1810 1985; x_wconf 89' lang='lat' dir='ltr'>plurium</span> <span class='ocrx_word' id='word_1_108' title='bbox 1866 1913 1982 1966; x_wconf 87' lang='lat' dir='ltr'>alia-</span> 
     </span>
     <span class='ocr_line' id='line_1_19' title="bbox 222 1997 1981 2070; baseline -0.003 -16"><span class='ocrx_word' id='word_1_109' title='bbox 222 2016 339 2054; x_wconf 89' lang='lat' dir='ltr'>rum</span> <span class='ocrx_word' id='word_1_110' title='bbox 393 1999 723 2070; x_wconf 87' lang='lat' dir='ltr'>quantitatum</span> <span class='ocrx_word' id='word_1_111' title='bbox 770 2000 1217 2053; x_wconf 86' lang='lat' dir='ltr'>transcendentium</span> <span class='ocrx_word' id='word_1_112' title='bbox 1263 2000 1608 2070; x_wconf 88' lang='lat' dir='ltr'>cognitionem</span> <span class='ocrx_word' id='word_1_113' title='bbox 1666 1997 1981 2068; x_wconf 87' lang='lat' dir='ltr'>pertigimus.</span> 
     </span>
     <span class='ocr_line' id='line_1_20' title="bbox 225 2080 1980 2157; baseline -0.001 -21"><span class='ocrx_word' id='word_1_114' title='bbox 225 2084 367 2157; x_wconf 80' lang='lat' dir='ltr'>Quin</span> <span class='ocrx_word' id='word_1_115' title='bbox 422 2085 581 2136; x_wconf 87' lang='lat' dir='ltr'>etiam</span> <span class='ocrx_word' id='word_1_116' title='bbox 635 2084 911 2138; x_wconf 87' lang='lat' dir='ltr'>istiusmodi</span> <span class='ocrx_word' id='word_1_117' title='bbox 964 2082 1296 2154; x_wconf 71' lang='lat' dir='ltr'>expressiones</span> <span class='ocrx_word' id='word_1_118' title='bbox 1353 2082 1577 2137; x_wconf 88' lang='lat' dir='ltr'>infinitae</span> <span class='ocrx_word' id='word_1_119' title='bbox 1621 2080 1865 2151; x_wconf 84' lang='lat' dir='ltr'>infignem</span> <span class='ocrx_word' id='word_1_120' title='bbox 1909 2080 1980 2134; x_wconf 88' lang='lat' dir='ltr'>af-</span> 
     </span>
     <span class='ocr_line' id='line_1_21' title="bbox 225 2166 1985 2239; baseline -0.002 -19"><span class='ocrx_word' id='word_1_121' title='bbox 225 2166 384 2220; x_wconf 69' lang='lat' dir='ltr'>ferunt</span> <span class='ocrx_word' id='word_1_122' title='bbox 427 2168 699 2221; x_wconf 88' lang='lat' dir='ltr'>vtilitatem</span> <span class='ocrx_word' id='word_1_123' title='bbox 744 2168 805 2222; x_wconf 90' lang='lat' dir='ltr'>ad</span> <span class='ocrx_word' id='word_1_124' title='bbox 849 2169 1150 2239; x_wconf 87' lang='lat' dir='ltr'>quantitates</span> <span class='ocrx_word' id='word_1_125' title='bbox 1191 2167 1528 2232; x_wconf 83' lang='lat' dir='ltr'>irrationaleS‚</span> <span class='ocrx_word' id='word_1_126' title='bbox 1578 2178 1630 2220; x_wconf 87' lang='lat' dir='ltr'>et</span> <span class='ocrx_word' id='word_1_127' title='bbox 1673 2166 1857 2219; x_wconf 84' lang='lat' dir='ltr'>radices</span> <span class='ocrx_word' id='word_1_128' title='bbox 1903 2179 1985 2217; x_wconf 83' lang='lat' dir='ltr'>ae-</span> 
     </span>
     <span class='ocr_line' id='line_1_22' title="bbox 224 2250 1983 2323; baseline 0 -21"><span class='ocrx_word' id='word_1_129' title='bbox 224 2250 518 2321; x_wconf 87' lang='lat' dir='ltr'>quationum</span> <span class='ocrx_word' id='word_1_130' title='bbox 567 2252 953 2323; x_wconf 86' lang='lat' dir='ltr'>algebraicarum</span> <span class='ocrx_word' id='word_1_131' title='bbox 996 2270 1084 2323; x_wconf 89' lang='lat' dir='ltr'>per</span> <span class='ocrx_word' id='word_1_132' title='bbox 1123 2268 1358 2306; x_wconf 88' lang='lat' dir='ltr'>numeros</span> <span class='ocrx_word' id='word_1_133' title='bbox 1399 2250 1658 2305; x_wconf 86' lang='lat' dir='ltr'>rationales</span> <span class='ocrx_word' id='word_1_134' title='bbox 1701 2265 1826 2304; x_wconf 84' lang='lat' dir='ltr'>vero</span> <span class='ocrx_word' id='word_1_135' title='bbox 1859 2265 1983 2320; x_wconf 86' lang='lat' dir='ltr'>pro·</span> 
     </span>
     <span class='ocr_line' id='line_1_23' title="bbox 229 2332 1983 2409; baseline 0.002 -24"><span class='ocrx_word' id='word_1_136' title='bbox 229 2334 370 2386; x_wconf 85' lang='lat' dir='ltr'>xime</span> <span class='ocrx_word' id='word_1_137' title='bbox 410 2334 716 2391; x_wconf 85' lang='lat' dir='ltr'>definiendas</span> <span class='ocrx_word' id='word_1_138' title='bbox 744 2356 759 2409; x_wconf 73' lang='lat'>3</span> <span class='ocrx_word' id='word_1_139' title='bbox 813 2353 938 2409; x_wconf 90' lang='lat' dir='ltr'>quae</span> <span class='ocrx_word' id='word_1_140' title='bbox 984 2337 1020 2390; x_wconf 88' lang='lat' dir='ltr'>fi</span> <span class='ocrx_word' id='word_1_141' title='bbox 1056 2335 1164 2391; x_wconf 79' lang='lat' dir='ltr'>vsus</span> <span class='ocrx_word' id='word_1_142' title='bbox 1206 2335 1454 2408; x_wconf 61' lang='lat' dir='ltr'>spectetur</span> <span class='ocrx_word' id='word_1_143' title='bbox 1496 2337 1625 2392; x_wconf 81' lang='lat' dir='ltr'>veris</span> <span class='ocrx_word' id='word_1_144' title='bbox 1659 2332 1983 2407; x_wconf 80' lang='lat' dir='ltr'>expreffioni-</span> 
     </span>
     <span class='ocr_line' id='line_1_24' title="bbox 228 2413 1392 2492; baseline 0.008 -26"><span class='ocrx_word' id='word_1_145' title='bbox 228 2413 318 2467; x_wconf 90' lang='lat' dir='ltr'>bus</span> <span class='ocrx_word' id='word_1_146' title='bbox 360 2416 649 2488; x_wconf 89' lang='lat' dir='ltr'>plerumque</span> <span class='ocrx_word' id='word_1_147' title='bbox 689 2423 842 2492; x_wconf 85' lang='lat' dir='ltr'>longe</span> <span class='ocrx_word' id='word_1_148' title='bbox 887 2421 992 2474; x_wconf 91' lang='lat' dir='ltr'>sunt</span> <span class='ocrx_word' id='word_1_149' title='bbox 1034 2421 1392 2476; x_wconf 85' lang='lat' dir='ltr'>anteferendae.</span> 
     </span>
    </p>

    <p class='ocr_par' dir='ltr' id='par_1_7' title="bbox 208 2498 1985 2738">
     <span class='ocr_line' id='line_1_25' title="bbox 309 2498 1983 2576; baseline 0.004 -28"><span class='ocrx_word' id='word_1_150' title='bbox 309 2498 354 2561; x_wconf 85' lang='lat'>§.</span> <span class='ocrx_word' id='word_1_151' title='bbox 387 2513 439 2548; x_wconf 86' lang='lat'>2.</span> <span class='ocrx_word' id='word_1_152' title='bbox 486 2498 785 2556; x_wconf 85' lang='lat' dir='ltr'>Huiusmodi</span> <span class='ocrx_word' id='word_1_153' title='bbox 839 2517 1008 2558; x_wconf 88' lang='lat' dir='ltr'>autem</span> <span class='ocrx_word' id='word_1_154' title='bbox 1064 2505 1436 2576; x_wconf 83' lang='lat' dir='ltr'>expreffionum</span> <span class='ocrx_word' id='word_1_155' title='bbox 1497 2501 1805 2558; x_wconf 88' lang='lat' dir='ltr'>infinitarum</span> <span class='ocrx_word' id='word_1_156' title='bbox 1854 2514 1983 2554; x_wconf 83' lang='lat' dir='ltr'>non·</span> 
     </span>
     <span class='ocr_line' id='line_1_26' title="bbox 225 2579 1985 2654; baseline 0.002 -21"><span class='ocrx_word' id='word_1_157' title='bbox 225 2579 359 2633; x_wconf 87' lang='lat' dir='ltr'>nulla</span> <span class='ocrx_word' id='word_1_158' title='bbox 402 2595 585 2651; x_wconf 85' lang='lat' dir='ltr'>genera</span> <span class='ocrx_word' id='word_1_159' title='bbox 631 2583 760 2635; x_wconf 86' lang='lat' dir='ltr'>inter</span> <span class='ocrx_word' id='word_1_160' title='bbox 802 2583 847 2637; x_wconf 73' lang='lat' dir='ltr'>ie</span> <span class='ocrx_word' id='word_1_161' title='bbox 875 2587 1103 2638; x_wconf 83' lang='lat' dir='ltr'>maxime</span> <span class='ocrx_word' id='word_1_162' title='bbox 1129 2586 1311 2640; x_wconf 71' lang='lat' dir='ltr'>diuersa</span> <span class='ocrx_word' id='word_1_163' title='bbox 1344 2588 1448 2640; x_wconf 76' lang='lat' dir='ltr'>fiint</span> <span class='ocrx_word' id='word_1_164' title='bbox 1469 2585 1801 2640; x_wconf 88' lang='lat' dir='ltr'>constituenda</span> <span class='ocrx_word' id='word_1_165' title='bbox 1820 2626 1833 2652; x_wconf 84' lang='lat'>‚</span> <span class='ocrx_word' id='word_1_166' title='bbox 1857 2600 1985 2654; x_wconf 91' lang='lat' dir='ltr'>quo-</span> 
     </span>
     <span class='ocr_line' id='line_1_27' title="bbox 208 2665 1985 2738; baseline -0.001 -19"><span class='ocrx_word' id='word_1_167' title='bbox 208 2678 345 2719; x_wconf 49' lang='lat' dir='ltr'>„tum</span> <span class='ocrx_word' id='word_1_168' title='bbox 391 2665 619 2738; x_wconf 89' lang='lat' dir='ltr'>primum</span> <span class='ocrx_word' id='word_1_169' title='bbox 663 2665 715 2720; x_wconf 85' lang='lat' dir='ltr'>in</span> <span class='ocrx_word' id='word_1_170' title='bbox 740 2665 786 2720; x_wconf 89' lang='lat' dir='ltr'>se</span> <span class='ocrx_word' id='word_1_171' title='bbox 830 2667 1183 2738; x_wconf 64' lang='lat' dir='ltr'>complectitur</span> <span class='ocrx_word' id='word_1_172' title='bbox 1227 2684 1405 2723; x_wconf 88' lang='lat' dir='ltr'>omnes</span> <span class='ocrx_word' id='word_1_173' title='bbox 1427 2667 1567 2724; x_wconf 86' lang='lat' dir='ltr'>series</span> <span class='ocrx_word' id='word_1_174' title='bbox 1607 2666 1824 2725; x_wconf 86' lang='lat' dir='ltr'>infinitas</span> <span class='ocrx_word' id='word_1_175' title='bbox 1846 2712 1862 2737; x_wconf 80' lang='lat'>,</span> <span class='ocrx_word' id='word_1_176' title='bbox 1908 2668 1985 2717; x_wconf 87' lang='lat' dir='ltr'>in-</span> 
     </span>
    </p>

    <p class='ocr_par' dir='ltr' id='par_1_8' title="bbox 1083 2750 1985 2808">
     <span class='ocr_line' id='line_1_28' title="bbox 1083 2750 1985 2808; baseline 0 -1"><span class='ocrx_word' id='word_1_177' title='bbox 1083 2750 1136 2807; x_wconf 84' lang='lat' dir='ltr'>A</span> <span class='ocrx_word' id='word_1_178' title='bbox 1180 2765 1214 2803; x_wconf 86' lang='lat'>2</span> <span class='ocrx_word' id='word_1_179' title='bbox 1828 2751 1985 2808; x_wconf 86' lang='lat' dir='ltr'>finitis</span> 
     </span>
    </p>
   </div>
  </div>
 </body>
</html>
