2378 3564
427 202 448 238 ..τ
464 196 581 251 272
738 147 1256 241 SCHEDIASMA
1300 180 1410 236 DE
1452 182 1890 244 VENTO-RVM
1935 197 2025 246 etc.

454 335 621 388 bulata
662 332 715 388 iu
758 325 809 389 ξ.
845 349 937 389 10.
985 332 1260 409 descripta,
1318 331 1468 406 paulo
1519 333 1660 388 altius
1711 319 1848 407 supra
1902 340 2092 395 testum
2134 338 2216 411 ip·

454 418 561 473 sum
608 417 915 473 attollantur.

611 503 786 568 §.15.
857 500 993 557 Cum
1047 515 1304 575 praeterea
1368 506 1526 557 etiam
1598 501 1865 574 multiplici
1910 508 2215 577 experientia

455 587 647 642 constet
674 631 688 655 ‚
733 602 914 641 ventos
957 589 1008 640 in
1052 587 1290 659 superiori
1334 590 1461 642 ae'ris
1507 590 1715 656 regione
1760 604 2018 653 regnantes
2041 598 2045 602 “
2070 591 2217 646 habe-

454 689 511 727 re
555 671 888 725 direetionem
937 671 1183 725 diueriam
1231 673 1294 725 ab
1337 687 1395 725 ea
1422 714 1435 739 ,
1492 686 1613 741 quae
1667 670 1718 721 in
1763 668 1921 720 ventis
1979 666 2221 718 inferius-i-

456 756 546 811 bus
585 755 902 809 obseruatut:
969 753 1162 807 necess'e
1217 754 1313 806 erit
1338 796 1352 819 ,
1406 767 1464 808 vt
1520 755 1800 808 obseruator
1843 762 2111 804 ventorum
2153 763 2224 803 ex

455 840 664 895 nub'um
694 880 706 903 ,
750 837 786 890 fi
829 852 952 906 quae
997 837 1155 889 adsint
1181 878 1197 906 ,
1251 836 1402 891 due'tu
1456 839 1520 891 de
1563 838 1726 891 ventis
1779 837 1853 890 his
1895 834 2226 905 superioribus

455 922 631 975 aestm
652 922 802 975 ῖῑεοι]
847 919 1072 988 iudicet,
1118 933 1169 973 et
1215 936 1487 992 quamnam
1534 922 1738 992 plagim
1782 921 2047 992 sequantur
2060 907 2222 973 anno4

455 1017 533 1059 tet
638 1004 727 1060 Ex
771 1005 908 1059 nullo
949 1006 1087 1059 enim
1141 1005 1240 1059 alio
1284 1006 1471 1062 indicio
1522 1006 1712 1060 horum
1755 1016 2027 1060 ventorum
2082 1004 2224 1075 supe-

456 1090 651 1148 riorum
695 1089 910 1145 directio
953 1091 1067 1161 capi
1108 1091 1290 1161 potest.

615 1174 663 1239 ξ,
700 1177 796 1226 16.
855 1174 1011 1249 Quod
1067 1177 1130 1230 ad
1176 1174 1387 1229 alterum
1444 1175 1699 1246 pertinet,
1763 1190 1955 1246 nempe
2000 1166 2063 1228 ad
2107 1171 2224 1226 vim

459 1269 514 1316 et
553 1259 854 1314 violentiam
912 1271 1185 1313 ventorum
1213 1302 1227 1329 ‚
1297 1275 1352 1312 ea
1405 1257 1655 1329 dependet
1710 1279 1740 1313 a
1796 1261 2046 1314 celeritate
2099 1259 2227 1312 ae'ris

461 1345 640 1411 moti,
686 1355 739 1396 et
782 1343 1093 1413 cognoscitur
1134 1344 1364 1397 distinete
1390 1385 1404 1411 ,
1461 1343 1495 1397 si
1551 1342 1721 1396 sciatur
1772 1357 2018 1413 quomam
2076 1332 2228 1413 pedes

460 1436 635 1478 ventus
678 1425 848 1496 aliquis
891 1427 942 1478 in
989 1437 1217 1495 tempore
1259 1427 1404 1477 vnius
1442 1427 1625 1477 minuti
1666 1427 1860 1487 secundi
1895 1425 2106 1479 absoluat
2132 1427 2224 1478 ho-

463 1507 795 1565 rizontaliter.
884 1507 1001 1562 Hoc
1046 1507 1291 1562 obseruari
1353 1507 1514 1578 potest
1571 1506 1804 1560 facillime
1844 1522 1893 1560 et
1936 1508 2227 1578 simpliciffi-

433 1610 555 1650 ·me
596 1610 699 1665 ope
741 1592 980 1665 sequentis
1021 1593 1337 1647 instrumenti
1363 1635 1378 1662 ‚
1421 1590 1554 1663 quod
1600 1591 2035 1646 Anemoinetrum
2080 1606 2226 1644 voca-

467 1691 564 1735 tur.
655 1677 956 1734 Obseruetur
997 1680 1134 1732 enim
1178 1679 1241 1733 ad
1286 1693 1559 1751 quamnam
1607 1676 1919 1730 altitudinem
1960 1676 2012 1729 in
2033 1689 2235 1728 annexo

233 1796 434 1838 Tab.1v.
468 1765 739 1839 quadrante
794 1762 911 1819 DE
967 1783 996 1819 a
1039 1766 1093 1819 vi
1137 1765 1283 1818 venti
1344 1763 1590 1816 attollatur
1653 1761 1908 1816 afferculus
1952 1755 2188 1814 ΑΒΕ-Ι)
2214 1801 2231 1828 ,

177 1917 179 1919 ¹
266 1852 331 1903 fig·
368 1855 407 1899 ⁶·
464 1855 595 1907 circa
636 1865 795 1905 axem
839 1846 952 1904 AB
1007 1849 1223 1921 perfedte
1278 1847 1481 1903 mobilis
1507 1890 1520 1915 ,
1571 1858 1622 1900 et
1665 1850 1798 1901 cuius
1851 1840 2047 1917 pondus
2090 1857 2233 1900 antea

466 1938 812 1992 examinatum
857 1935 987 2006 fuit,
1031 1948 1176 2007 atque
1220 1936 1396 2006 gradus
1440 1932 1721 1986 obseruatae
1776 1931 2053 1984 altitudinis
2077 1921 2231 1982 anno*

469 2035 634 2076 tentur
677 2023 727 2075 in
771 2018 994 2074 Diario
985 2063 999 2092 ‚
1047 2022 1235 2092 poterit
1280 2018 1462 2074 deinde
1507 2028 1575 2069 ex
1619 2016 1696 2069 his
1735 2014 1998 2067 obseruatis
2035 2014 2231 2067 calculo

467 2107 687 2176 deduci,
755 2122 1031 2177 quamnam
1085 2119 1147 2158 ea
1202 2102 1494 2175 tempestate
1555 2100 1859 2154 celeritatem
1913 2110 2092 2152 ventus
2142 2098 2229 2153 ha-

466 2191 643 2246 buerit.

628 2275 674 2343 §.
709 2287 802 2340 1¹7.
856 2275 986 2331 Sunt
1046 2271 1139 2328 hae
1196 2272 1444 2345 hucusque
1500 2271 1672 2343 expos
1679 2285 1755 2324 tae
1800 2235 2062 2342 qualitates
2113 2284 2237 2323 ven-

474 2371 648 2432 torum
695 2362 853 2430 tales,
910 2360 972 2413 ad
1028 2375 1145 2430 quas
1198 2361 1463 2430 praecipue
1513 2356 1683 2428 respici
1728 2355 1887 2426 solet,
1898 2367 1979 2409 et
2020 2357 2123 2408 de
2119 2354 2237 2426 qui-

476 2444 567 2499 bus
616 2445 807 2516 sperare
852 2446 1007 2513 licet,
1073 2460 1154 2499 eas
1221 2444 1444 2515 legitime
1512 2455 1560 2496 et
1612 2441 1748 2495 redte
1793 2441 2066 2495 obseruatus
2105 2439 2238 2508 leges
2307 2438 2313 2441 ’

473 2531 757 2604 periodicas
822 2544 1094 2584 ventorum
1163 2532 1367 2584 tandem
1421 2529 1702 2602 proditurus
1763 2525 1880 2580 efi'e.
1978 2523 2233 2596 Quoniam

472 2629 603 2669 ‘vero
655 2628 706 2670 et
762 2616 888 2691 aliae
943 2613 1105 2669 adhuc
1161 2630 1429 2672 ventorum
1483 2613 1770 2668 affcffiones
1825 2615 1968 2676 sunt,
2013 2619 2114 2658 non
2157 2603 2233 2654 in-

475 2700 665 2768 utileS,
728 2714 775 2754 et
819 2703 997 2756 eadem
1059 2716 1209 2772 opera
1253 2718 1368 2755 cum
1418 2695 1822 2771 praecedentibus
1864 2689 2233 2743 obserua2ndae

473 2786 668 2856 poterit
713 2785 986 2841 obstruator
1031 2797 1200 2839 tenete
1244 2785 1742 2846 Thermometrum‚
1786 2788 1843 2829 vt
1887 2777 1989 2829 eius
2030 2788 2142 2910 opel
2167 2772 2233 2825 de

2069 2874 2124 2912 ca
2144 2870 2231 2910 ote
