2378 3564
398 213 516 265 132
604 196 715 252 DE
757 151 975 254 NoVo
1017 188 1330 247 GENERE
1373 184 2023 253 OSCILLATIONVM.

387 363 621 418 tempore
646 389 660 413 ,
706 361 863 416 eaque
907 356 1090 412 corpus
1132 338 1277 394 certis
1332 343 1808 400 momentis.verfi1s
1849 346 2081 401 dextram
2110 388 2128 416 ‚

388 435 627 501 certisque
684 429 789 482 aliis
843 426 1122 483 momentis
1175 422 1332 477 versus
1385 422 1619 477 sinistram
1672 428 1866 499 impelli
1901 475 1915 500 ,
1983 434 2130 502 idque

387 516 499 571 sme'
531 515 639 568 vilo
682 513 903 585 respec‘tu
961 513 1023 566 ad
1064 509 1289 580 corporis
1338 508 1513 561 locum
1569 502 1762 563 habito.
1852 515 2127 585 Exprima.

388 617 504 656 mus
545 613 716 653 autem
761 611 962 669 tempus
1003 593 1324 649 vniformiter
1363 593 1513 647 fluens
1559 609 1643 663 per
1679 593 2012 664 peripheriam
2038 601 2134 653 cir·

389 686 487 739 culi
530 682 702 738 FDH
717 682 766 736 E
795 725 811 752 ,
854 682 1042 754 quippe
1083 696 1246 751 quae,
1299 695 1415 732 cum
1458 679 1509 730 in
1552 677 1597 729 se
1642 677 1801 748 ipffim
1843 679 2051 749 redeat,
2092 683 2135 734 i-

389 771 548 823 donea
591 769 660 822 est
701 768 762 822 ad
807 781 1006 836 tempus
1045 764 1361 837 quantumuis
1401 763 1757 815 denotandum.
1846 762 1992 816 Vires
2019 779 2138 834 por·

390 871 453 908 ro
496 853 590 906 sint
645 850 1045 920 proportionales
1111 848 1290 899 sinibus
1353 863 1556 898 arcuum
1611 859 1841 916 tempora
1885 849 2136 900 denotan-

391 937 519 989 tium
546 975 560 1000 ,
603 945 907 1002 vrgeantque
949 945 1038 982 eae
1083 928 1242 980 versus
1285 927 1517 987 dextram
1545 968 1559 992 ,
1604 928 1642 978 si
1684 929 1780 980 sint
1819 930 2138 1000 affirmatiui,

390 1031 565 1073 contra
606 1031 731 1069 vero
775 1014 812 1069 si
852 1013 974 1067 fiant
1015 1011 1227 1082 negatiui
1270 1008 1431 1062 versus
1472 1008 1732 1062 sinistram.
1811 1039 1827 1065 s

545 1092 593 1155 ξ.
631 1116 719 1151 10.
768 1097 845 1152 Sit
888 1099 929 1152 F
974 1097 1216 1166 temporis
1254 1094 1450 1146 initium
1478 1135 1494 1162 ,
1548 1110 1650 1165 quo
1697 1092 2024 1148 oscillationes
2065 1088 2142 1149 ins'

390 1197 629 1255 ceperunt
654 1227 667 1253 ,
715 1184 931 1253 fluatque
984 1194 1187 1249 ternpus
1239 1178 1507 1230 secundum
1562 1177 1771 1231 ductum
1821 1178 2137 1235 FTDHE.

390 1267 546 1324 Initio
584 1270 734 1339 igitur
777 1267 876 1320 hoc
923 1267 999 1319 vis
1042 1279 1221 1333 corpus
1264 1262 1522 1315 sollicitans
1563 1262 1661 1313 erit
1705 1262 1836 1315 nulla
1863 1307 1877 1332 ‚
1933 1276 1984 1317 at
2029 1265 2144 1335 post

393 1346 595 1423 tempus
650 1352 751 1405 FT
815 1367 996 1420 corpus
1043 1347 1208 1401 versus
1259 1346 1492 1399 dextram
1538 1346 1744 1416 pelletur
1787 1349 1842 1400 vi
1886 1360 1947 1400 vt
1987 1348 2139 1421 PT;

393 1452 518 1508 quae
564 1436 640 1487 vis
683 1435 773 1486 fiet
815 1435 1044 1486 maxima
1085 1429 1249 1499 elapso
1313 1442 1549 1499 tempore
1596 1428 1735 1499 FD3
1810 1430 2139 1500 postmodum

392 1520 578 1573 iterum
631 1515 875 1570 decrescet
896 1558 913 1583 ,
977 1514 1140 1568 donec
1197 1510 1449 1563 euanescat
1514 1513 1627 1581 post
1681 1525 1882 1582 tempus
1925 1513 1965 1567 F
1989 1512 2045 1567 D
2068 1515 2142 1569 H.

394 1601 593 1659 Deinde
635 1602 759 1656 dum
804 1613 1001 1670 tempus
1043 1612 1111 1649 ex
1154 1594 1206 1648 H
1246 1611 1334 1665 per
1375 1592 1424 1646 E
1468 1593 1520 1646 in
1561 1594 1602 1646 F
1645 1594 1754 1647 fluit
1780 1636 1797 1661 ,
1838 1597 1917 1647 vis
1938 1597 2025 1649 ista
2047 1599 2141 1651 erit

395 1687 626 1758 negatiua
653 1730 667 1755 ,
711 1703 769 1739 ac
810 1701 988 1756 corpus
1031 1679 1190 1735 versus
1245 1678 1480 1733 finistram
1536 1677 1860 1749 sollicitabit3
1904 1693 2054 1744 atque
2090 1695 2148 1732 e·

395 1770 531 1844 lapso
588 1783 822 1842 tempore
877 1785 969 1840 per
1030 1777 1192 1819 totam
1237 1762 1577 1836 peripheriam
1619 1761 1850 1833 expresso
1874 1803 1888 1830 ‚
1933 1762 2147 1817 eaedem

394 1857 471 1909 'vis
518 1855 816 1909 sollicitantis
861 1852 1087 1907 redibunt
1126 1849 1459 1903 reuolutiones
1483 1891 1498 1918 ,
1521 1848 1653 1902 vnde
1695 1848 1746 1899 in
1789 1862 2004 1917 corpore
2029 1863 2149 1919 pro·

396 1940 563 2011 posito
610 1953 814 1994 motum
859 1936 1206 1992 oscillatorium
1247 1933 1467 2005 generari
1519 1930 1704 1985 necefle
1749 1931 1858 2001 est3
1917 1930 2064 2000 idque
2110 1929 2146 1983 fi

395 2023 489 2080 hae
531 2024 659 2077 solae
703 2026 836 2077 vires
875 2033 1114 2094 agerent:
1159 2037 1186 2073 a
1231 2018 1388 2089 priori
1435 2028 1603 2069 autem
1649 2017 1703 2067 vi
1743 2012 1957 2065 absoluta
1998 2030 2026 2066 a
2067 2012 2145 2066 lo-

395 2124 462 2161 co
505 2108 728 2177 corporis
767 2108 1011 2178 pendente
1053 2104 1140 2157 iste
1183 2113 1354 2155 motus
1392 2098 1705 2152 oscillatorius
1744 2113 1809 2149 eo
1849 2096 2008 2166 magis
2043 2108 2149 2150 tur-

397 2190 594 2245 babitur
616 2233 631 2260 ‚
685 2208 785 2261 quo
839 2191 1006 2244 maior
1048 2186 1220 2261 quouis
1271 2193 1541 2238 momento
1595 2182 1724 2235 inter
1765 2179 1855 2234 has
1895 2181 2033 2234 vires‘
2067 2196 2146 2235 re-

397 2276 620 2350 perietur
662 2273 901 2328 diffensus.

560 2359 604 2423 §.
640 2376 736 2412 11.
780 2359 996 2413 Ponatur
1029 2353 1196 2409 circuli
1230 2351 1437 2407 FDHE
1473 2351 1631 2404 radius
1668 2342 2142 2421 FGzDGza3

398 2455 507 2499 tota
550 2443 945 2497 circumferentia
1001 2441 1042 2495 F
1054 2438 1235 2493 DHE
1261 2455 1336 2491 r:
1358 2455 1447 2504 4c
1507 2436 1576 2488 ita
1635 2446 1695 2487 vt
1747 2452 1775 2488 c
1828 2436 2149 2505 quadrantem

400 2526 569 2583 circuli
612 2529 858 2582 denotet:
904 2538 1048 2597 atque
1095 2522 1312 2595 elapsum
1354 2523 1458 2575 iam
1504 2519 1561 2572 sit
1607 2531 1809 2589 tempus
1851 2535 1940 2589 per
1974 2534 2144 2570 arcum

398 2625 505 2680 FT
549 2624 966 2697 repraesentatum
993 2666 1012 2693 ,ἵ
1053 2621 1191 2693 quod
1234 2619 1401 2690 posito
1444 2634 1559 2670 arcu¹
1583 2614 1840 2679 Fth·,
1882 2612 1938 2664 fit
1967 2595 2145 2682 :3532

402 2709 470 2760 ob
514 2709 984 2780 homogeneitatem
1028 2709 1169 2759 enim
1209 2704 1444 2758 conuenit
1489 2713 1690 2766 tempus·
1721 2711 1810 2764 per
1833 2693 2144 2746 functionem

404 2791 640 2847 dimidiae
696 2791 1026 2848 dimensionis
1074 2791 1317 2844 linearum
1367 2782 1610 2855 exprimi.
1718 2779 1840 2833 Hoc
1889 2789 2149 2849 praeterea

1938 2872 2152 2933 tempo-
