2378 3564
362 232 821 301 OCCJ'LTATJO
868 238 1216 319 PALILICH
1255 241 1305 302 Α
1353 243 1580 305 LVNA.
1787 254 1911 326 369

150 393 492 460 fintenlitatem
538 394 737 448 luminis
763 435 776 461 ,
821 409 877 445 ac
922 410 1103 447 reuera.
1136 395 1205 448 est
1231 440 1244 465 ,
1288 409 1338 450 et
1384 399 1512 452 circa
1558 398 1701 453 istum
1728 415 1915 455 corona

151 480 320 549 *lucida
362 481 554 534 dabitur
579 521 592 547 ‚
637 492 756 545 quae
799 489 968 528 tamen
1010 492 1221 550 propter
1264 484 1434 536 fortius
1473 485 1615 536 lunae
1660 487 1826 538 lumen
1851 484 1914 539 ad

162 568 323 621 maius
377 564 584 636 spatium
639 559 684 610 st:
739 562 1016 630 extendet,
1086 580 1259 633 quam‘
1295 567 1346 617 in
1390 566 1530 620 Ioue.
1643 567 1717 622 Sit
1760 571 1810 622 in
1853 565 1910 623 S.

146 650 300 720 „stella
329 694 343 718 ‚
375 663 506 719 rquae
549 644 610 697 ad
652 642 821 698 lunam
878 662 970 716 pro
1012 648 1231 700 immota
1287 647 1517 703 habitam
1585 652 1725 705 iuxta
1789 653 1916 706 dire-

163 736 390 790 stionem
437 728 525 783 SF
568 727 763 800 feratur.
855 730 1108 785 Ponamus
1150 731 1203 785 in
1244 733 1527 803 peripheria
1584 737 1653 791 ik
1704 736 1923 790 desinere

162 830 400 873 coronam
447 814 588 866 lunae
633 813 950 867 luminosam.
1039 815 1199 886 Igitur
1234 817 1270 868 fi
1306 816 1438 870 stella
1465 819 1534 872 est
1572 820 1620 872 in
1648 818 1683 874 S
1711 863 1724 890 ,
1749 821 1923 890 imago

163 903 263 953 eius
306 900 592 969 depingitur
633 899 682 951 in
728 897 886 968 spatio
929 901 1116 953 retinae
1142 943 1157 968 ‚
1205 901 1255 952 in
1294 918 1398 970 quo
1442 903 1597 956 nullus
1638 906 1781 958 datur
1806 919 1925 957 mo-

148 997 240 1053 3tus
278 999 303 1035 a
348 984 537 1035 lumine
582 983 727 1036 lunae
769 984 1011 1055 effectuS,
1058 985 1193 1037 vnde
1239 984 1371 1038 stella
1416 982 1562 1039 solito
1609 988 1799 1042 lumine
1834 985 1924 1040 sul-

156 1067 296 1138 gebit
321 1110 336 1136 ,
381 1081 430 1120 et
474 1081 662 1120 certam
710 1071 960 1139 quandam
991 1112 1006 1139 ,
1048 1068 1160 1121 licet
1208 1069 1351 1122 valde
1404 1087 1613 1141 paruam
1641 1115 1656 1142 ,
1679 1087 1925 1126 coronam

152 1153 290 1205 circa
337 1151 380 1204 le
421 1151 700 1220 formabit,
770 1165 824 1204 vt
882 1166 993 1205 ante
1047 1154 1108 1205 de
1164 1151 1288 1204 Ioue
1349 1156 1584 1209 vidimus,
1703 1157 1923 1231 Quando

158 1235 293 1289 stella
347 1238 570 1307 peruenit
624 1235 685 1288 ad
731 1233 778 1288 K
803 1276 819 1302 ,
889 1235 1101 1288 offendit
1154 1234 1369 1305 spatium
1425 1242 1609 1294 retinae
1635 1283 1649 1309 ,
1711 1242 1762 1294 in
1819 1256 1922 1311 quo

149 1334 328 1388 ‚motus
370 1317 543 1391 aliquis
584 1337 609 1373 a
648 1319 840 1372 lumine
884 1318 1028 1371 lunae
1069 1319 1229 1372 datur.
1321 1319 1577 1376 Sentimus
1642 1340 1765 1395 ergo
1816 1339 1919 1375 non

156 1406 409 1474 integrum
439 1415 641 1455 motum
687 1446 700 1470 ‚
743 1419 894 1472 quem
939 1404 1110 1456 himen
1154 1402 1316 1456 stellae
1356 1404 1553 1457 efficere
1594 1407 1792 1475 potest,
1820 1406 1916 1475 xsed

157 1500 352 1541 tantum
408 1487 660 1539 excessum
714 1486 816 1537 eius
865 1483 1006 1556 super
1059 1497 1260 1538 motum
1312 1499 1465 1558 quem
1519 1489 1621 1559 iam
1665 1492 1820 1544 retina
1861 1491 1913 1544 in

151 1571 204 1626 ’Κ
246 1569 411 1622 habet.
502 1567 658 1622 Stella
699 1584 823 1639 ergo
864 1570 915 1622 in
958 1569 1004 1624 K
1046 1568 1236 1623 lumine
1277 1571 1553 1642 decrescere
1595 1575 1794 1629 videtur
1821 1618 1836 1646 ‚
1859 1585 1912 1628 et

140 1654 257 1720 <eiua
296 1670 482 1707 corona
528 1653 684 1706 lucida
727 1653 1051 1707 contrahitur.
1149 1654 1370 1728 Quando
1417 1657 1552 1710 stella
1600 1658 1663 1712 ad
1725 1657 1764 1715 h
1803 1675 1918 1730 per-

154 1738 304 1807 tingit
329 1779 343 1803 ‚
385 1736 497 1806 quia
541 1748 712 1789 motus
753 1737 938 1789 retinae
981 1740 1030 1791 in
1074 1736 1111 1792 h
1152 1737 1329 1793 fortior
1367 1741 1436 1795 est
1461 1786 1474 1811 ,
1518 1760 1671 1814 quam
1724 1743 1774 1797 in
1815 1743 1910 1816 K3

147 1822 373 1876 ,excessus
416 1833 623 1889 motusz,
667 1838 818 1893 quem
862 1821 1034 1875 lumen
1077 1822 1235 1876 stellae
1276 1826 1459 1880 retinae
1500 1828 1801 1898 imprimere
1825 1845 1951 1882 va-r

154 1905 255 1972 let,
298 1905 438 1973 (uper
481 1918 682 1957 motum
728 1908 912 1959 retinae
953 1909 1001 1960 in
1043 1907 1109 1977 h,
1156 1909 1330 1963 minor
1372 1912 1463 1964 erit
1503 1928 1560 1964 ac
1603 1925 1776 1986 antea3
1821 1931 1915 1966 vn-

151 1989 217 2041 de
270 2001 320 2042 et
373 1987 531 2041 stellae
589 1988 746 2042 adhuc
804 1991 975 2044 minor
1026 1994 1119 2045 erit
1173 1992 1400 2065 claritas,
1464 1998 1662 2068 eiusque
1721 2013 1910 2053 corona

152 2074 315 2144 magis
355 2072 644 2126 minuetur(
713 2074 783 2128 Et
825 2075 887 2128 sic
931 2094 1084 2146 porro
1126 2077 1260 2131 stella
1301 2079 1582 2134 accedendo
1603 2083 1664 2136 ad
1689 2082 1913 2136 limbum

141 2156 292 2210 lunae
331 2158 574 2219 conrinuo
613 2157 803 2212 lumine
845 2159 1104 2223 decrescet.
1195 2160 1250 2215 Si
1296 2164 1539 2219 intensuas
1571 2165 1776 2220 luminis
1799 2167 1918 2223 stel-

142 2240 231 2304 ,lae
274 2241 339 2294 ita
380 2256 669 2312 comparata
711 2244 767 2296 sit
794 2288 809 2313 ‚
864 2258 919 2296 vt
977 2245 1183 2299 solitarie
1235 2262 1438 2302 motum
1494 2263 1692 2305 tantum
1744 2252 1797 2305 in
1837 2269 1909 2306 re-

156 2325 261 2383 tina
303 2325 502 2378 efficere
545 2327 707 2393 valeat
732 2369 747 2395 ,
786 2328 868 2400 qui
909 2329 1112 2398 aequal.s
1166 2332 1223 2384 fit
1264 2335 1430 2387 motui
1482 2335 1533 2387 in
1575 2338 1624 2410 f
1652 2335 1911 2392 alumine

157 2410 304 2463 lunae
347 2410 637 2481 prodiie’co3
681 2424 796 2465 tunc
838 2412 1038 2482 quando
1082 2413 1216 2467 stella
1259 2418 1481 2486 peruenit
1524 2421 1586 2473 ad
1618 2419 1697 2491 f,
1749 2422 1911 2493 dispa-

158 2495 287 2548 rebit
312 2538 326 2561 ,
372 2510 486 2547 cum
532 2496 747 2548 excessus
786 2510 960 2550 motus
999 2514 1026 2550 a
1071 2498 1202 2553 stella
1245 2502 1476 2571 produffi
1519 2503 1661 2575 super
1700 2519 1910 2560 motum

160 2580 345 2632 tetinae
389 2581 440 2631 in
490 2579 532 2631 K
577 2579 655 2632 hic
698 2580 958 2634 euanescat.
1045 2581 1177 2635 Hinc
1217 2588 1346 2638 ratio
1388 2588 1645 2642 manifesta
1687 2591 1788 2660 est,
1826 2608 1913 2645 cur

141 2663 323 2737 ,stellae
380 2661 494 2732 4¹⁰2
547 2661 657 2733 5¹⁰⁹,
701 2661 807 2713 6¹02
853 2680 944 2718 etc.
1054 2669 1405 2738 magnitudinis
1429 2715 1443 2740 ,
1499 2674 1621 2727 dum
1677 2676 1737 2728 ad
1791 2676 1911 2729 lim-

150 2745 282 2800 *bum
328 2748 472 2800 lunae
512 2749 732 2803 lucidum
779 2750 1050 2820 accedunt,
1102 2753 1155 2804 in
1208 2755 1411 2809 notabili
1467 2759 1529 2810 ab
1582 2776 1648 2811 eo
1688 2760 1913 2817 distantia

154 2828 264 2891 >iam
291 2831 590 2904 dispareant,
633 2848 896 2907 antequam
921 2835 1110 2889 dilcum
1157 2839 1301 2893 lunae
1339 2839 1554 2898 subeunt.
1606 2842 1911 2900 Econtrario

248 2912 382 2968 Tom.
428 2916 540 2972 XI.
966 2922 1019 2974 A
1044 2940 1070 2976 a
1096 2940 1124 2977 a
1709 2945 1908 3001 quoque
