2378 3564
408 248 447 290 4
459 246 535 301 70
555 222 1064 291 ‘EXPLICATIO
1112 217 1847 300 PRAENOMENORVM
1892 243 2092 327 QJJAE

416 384 660 457 spedtator
700 382 914 438 absoluat
957 394 1188 454 tempore
1239 369 1483 450 86'1647'
1514 428 1528 455 ,
1573 400 1681 440 vno
1724 395 1925 451 minuto
1965 397 2175 455 secundo

421 477 661 534 conficiet
701 478 912 551 spatium
958 467 1071 556 3222-
1117 479 1292 534 semid.
1340 497 1516 537 terrae.
1613 481 1745 536 Hinc
1789 503 1910 558 ergo
1973 495 2171 549 dabitur

416 575 634 630 celeritas
675 575 964 648 spectatoris
1005 595 1034 632 r
1058 596 1130 631 :t
1204 563 1230 601 ρ
1402 594 1459 630 ac
1484 577 1864 652 l‹)g.r:lp-l
1894 583 1978 636 sm.
2007 599 2175 642 tot.m

1157 630 1264 653 1371:
1317 632 1334 653 4
1363 622 1376 646 >

421 679 496 730 4,
527 666 800 729 1371461
835 682 903 717 :2
930 664 1003 737 lp
1027 693 1080 699 ——
1114 682 1213 733 14,
1246 631 1513 731 13371461
1554 682 1570 736 3
1626 677 1860 736 tantaque
1932 668 2178 727 celeritate

420 745 669 818 spectator
714 749 878 803 versus
922 751 1172 803 orientem
1216 749 1484 805 secundum
1552 749 1884 804 directionem
1934 757 2179 824 tangentis

418 833 470 885 A
498 832 546 886 E
591 835 956 902 progredietur.

576 916 620 977 ξ.
655 928 748 978 37.
798 917 1061 985 Appareat
1103 931 1232 969 nunc
1276 916 1353 969 isti
1398 916 1660 986 spectatori
1704 919 1829 971 fidus
1871 921 1922 972 in
1947 920 2183 975 directio-

416 1012 483 1050 ne
523 996 642 1051 AO
667 1041 681 1068 ,
724 999 1065 1071 quaeriturque
1109 999 1221 1055 situs
1281 1001 1426 1055 huius
1495 1000 1659 1054 sideris
1727 1018 1866 1055 verus
1921 1004 2011 1058 Ao
2038 1049 2052 1074 ‚
2094 1005 2179 1061 sub

416 1098 520 1153 quo
565 1095 827 1154 appareret
849 1127 864 1154 ‚
911 1084 948 1139 fi
993 1084 1075 1138 vel
1123 1098 1253 1139 terra
1299 1085 1562 1156 quiesceret
1604 1084 1686 1139 vel
1710 1087 1833 1140 radii
1890 1085 1941 1140 in
1982 1089 2180 1146 instanti
2254 1117 2266 1120 ‘⁷

414 1181 853 1240 propagarentur3
900 1169 1022 1224 fidus
1066 1184 1235 1223 autem
1282 1170 1530 1241 quiescere
1572 1169 1879 1225 assumimus.
1940 1173 2029 1227 Ex
2055 1175 2178 1229 fide-

414 1267 467 1304 re
509 1251 560 1305 O
608 1255 659 1305 in
701 1252 911 1323 planum
954 1255 1176 1327 paralleli
1221 1255 1515 1309 demittatur
1560 1258 1969 1327 perpendiculum
2023 1258 2075 1313 Ο
2100 1261 2138 1314 P
2163 1303 2179 1330 ‚

412 1348 562 1407 atque
604 1354 670 1391 ex
714 1337 755 1392 P
795 1340 850 1392 in
894 1341 1088 1395 radium
1137 1337 1244 1394 CA
1289 1340 1590 1412 productum
1617 1341 1857 1394 normali>
1878 1342 1986 1418 PQ.
2027 1344 2217 1419 Quog

412 1420 552 1474 niam
602 1438 727 1474 vero
771 1423 983 1491 planum
1056 1425 1278 1494 paralleli
1322 1426 1374 1478 in
1420 1440 1745 1496 aequatorem
1801 1427 1934 1481 coeli
2001 1430 2178 1482 incidit

409 1502 646 1575 rectaque
692 1501 737 1557 C
764 1508 816 1559 A
842 1506 908 1581 Q
939 1508 1276 1560 meridianum
1323 1509 1422 1561 loci
1465 1510 1517 1560 A
1563 1510 1771 1561 denotat
1795 1551 1811 1576 ,
1880 1513 2178 1567 meridianus

409 1589 551 1642 enim
595 1589 665 1643 est
710 1589 914 1661 planum
965 1591 1194 1645 normale
1239 1593 1299 1646 ad
1345 1590 1522 1646 ABD
1567 1591 1713 1663 idque
1750 1592 1801 1643 in
1827 1593 1962 1647 reita
1997 1592 2042 1647 C
2056 1596 2186 1671 AQ

407 1672 581 1747 steat3
629 1675 767 1730 dabit
811 1677 1018 1750 angulus
1061 1676 1226 1732 OAP
1270 1677 1661 1731 declinationem
1720 1676 1889 1730 sideris
1953 1677 2177 1732 obserua-

412 1770 514 1813 tam
542 1803 558 1829 ,
625 1763 831 1834 angulus
898 1764 1076 1839 PAQ
1104 1778 1277 1818 autem
1345 1764 1626 1818 distantiam
1677 1761 1847 1815 circuli
1914 1761 2104 1816 horarii
2146 1781 2176 1819 a

410 1842 696 1900 meridiano
738 1849 839 1903 loci
884 1849 954 1904 A.
1047 1849 1182 1904 Cum
1229 1850 1380 1919 igitur
1426 1849 1584 1920 figura
1632 1847 1755 1901 fidus
1797 1848 1848 1900 in
1883 1847 2179 1903 declinatio·

409 1946 474 1984 ne
518 1932 703 1986 boreali
747 1951 808 1988 ac
853 1934 1014 1989 versus
1056 1936 1374 1990 occidentem
1419 1935 1567 1989 situm
1610 1931 1938 2004 repraesentet
1963 1976 1978 2002 ,
2021 1933 2080 1986 fit
2112 1933 2174 1987 fi-

405 2032 494 2068 nus
537 2017 885 2075 declinationis
926 2021 1137 2075 borealis
1176 2019 1254 2073 seu
1293 2019 1457 2089 anguli
1503 2017 1803 2072 ΟΑΡ-ῑιτ
1827 2059 1842 2083 ‚
1886 2016 2172 2070 coffinus:

408 2118 459 2152 α.
507 2103 670 2171 anguli
717 2104 897 2178 PAQ
929 2105 1005 2158 seu
1059 2104 1282 2159 distantia
1351 2103 1510 2155 sideris
1578 2100 1773 2153 horaria
1820 2104 1848 2153 a
1889 2100 2172 2155 meridiano

411 2183 572 2237 =versus
616 2187 976 2257 occidentem,-
1021 2188 1144 2242 finus
1190 2204 1266 2240 t:
1289 2186 1321 2240 b
1345 2228 1362 2254 ,
1407 2185 1594 2239 colinus
1640 2203 1711 2238 z
1742 2181 1790 2237 ἓ.

567 2270 611 2335 §.
644 2281 742 2339 38.
791 2272 885 2325 His
929 2273 1102 2343 pofitis
1143 2272 1203 2327 fit
1244 2271 1408 2325 sideris
1452 2269 1691 2323 obsemati
1736 2267 1953 2321 distantia
1979 2283 2007 2322 a
2043 2279 2172 2323 terra

408 2352 655 2410 OAzzc
679 2400 693 2426 ,
737 2374 863 2429 quae
905 2359 1113 2429 quidem
1155 2356 1285 2428 quasi
1327 2355 1518 2409 infinita
1565 2354 1818 2407 assumitur
1841 2365 2066 2407 attamen
2103 2369 2172 2408 ex

410 2440 600 2494 calculo
642 2443 938 2514 euanescet3
985 2444 1081 2495 erit
1124 2459 1246 2512 ergo
1290 2439 1569 2494 ΟΡΞαιι
1609 2451 1659 2491 et
1705 2438 1979 2492 ΑΡΞαιι
2008 2457 2022 2511 3
2048 2455 2166 2510 por-

410 2541 469 2577 ro
512 2526 609 2578 erit
650 2526 977 2603 Pontbzc
1017 2540 1069 2580 et
1108 2528 1301 2603 AQ:
1327 2523 1466 2578 aaa.
1508 2523 1571 2578 In
1597 2536 1884 2595 tangentem
1911 2523 2163 2592 AEpro-
2244 2580 2250 2583 Α

406 2609 610 2665 tinctam
653 2628 718 2665 ex
759 2613 801 2667 P
838 2614 1044 2667 ducatur
1081 2614 1318 2667 normalis
1358 2612 1455 2666 PR
1485 2654 1498 2680 ,
1540 2609 1728 2680 eritque
1763 2606 2167 2679 PRzAQ:

410 2696 568 2749 αὲῑιε
619 2698 694 2752 ab
737 2699 805 2753 est
849 2698 974 2752 finus
1016 2699 1275 2754 distantiae
1318 2696 1484 2750 stellae
1530 2713 1556 2747 a
1603 2691 1878 2745 meridiano
1920 2690 1972 2741 in
2006 2691 2160 2742 circu-

408 2780 465 2831 30
505 2781 761 2848 positionis
802 2783 956 2837 sumta
984 2827 998 2852 ,
1041 2783 1118 2838 seu
1161 2783 1348 2838 circulo
1393 2796 1484 2849 per
1527 2777 1669 2846 polos
1693 2774 1950 2826 meridiani
1978 2774 2162 2828 dufto:

410 2862 560 2918 ducta
601 2879 769 2920 autem
814 2867 953 2921 resta,
994 2867 1106 2924 OR
1146 2861 1561 2939 perpendicularis
1601 2858 1695 2912 erit
1718 2858 1778 2913 ad
1803 2858 1994 2914 restam
2020 2861 2070 2914 A
2081 2861 2154 2998 Al}

2145 2956 2170 2997 t
