2378 3564
220 180 845 298 OBSERVATIONES
890 226 1635 293 METEOROLOGICAE.
1741 203 1860 302 253

110 404 191 449 tur
215 436 230 462 ‚
272 399 360 447 aut
405 377 528 447 arcu
569 386 722 444 lucido
775 383 1025 460 conspicua
1057 387 1223 463 fuerit
1253 431 1268 459 ‚
1337 385 1437 443 luce
1491 396 1656 444 tamen
1723 384 1874 463 nescio

109 477 331 553 quadam
374 471 648 530 inconsueta
692 472 862 527 oeulos
904 472 1093 526 feriiffe.
1143 472 1333 527 Similis
1386 474 1578 529 rubedo
1632 475 1735 529 visa
1786 475 1877 530 fuit

112 565 199 620 hic
243 560 544 618 Decembris
603 575 724 629 223
771 552 848 611 sed
895 555 1200 627 Kirengense
1266 558 1469 611 coelum
1526 560 1736 613 nubibus
1779 561 1878 614 ob-

112 650 310 704 tectum
355 647 446 700 fuit
474 690 487 715 ‚
541 646 761 715 adeoque
824 641 1037 696 eandem
1090 640 1283 695 cauffim
1312 683 1326 710 ‚
1372 640 1449 694 vti
1494 643 1650 695 etiam
1697 642 1779 697 hic
1805 643 1876 698 fa-

113 735 257 791 &um
305 732 400 801 est,
445 730 633 784 nebulis
676 727 1002 782 abscondidit.
1091 723 1283 781 Similis
1327 725 1518 780 rubedo
1563 725 1731 798 coeli,
1765 737 1877 784 orta

113 838 185 877 ex
229 817 406 874 eadem
449 815 546 869 hae
587 813 722 870 causa
748 858 764 885 ,
808 813 1062 869 obseruata
1108 811 1200 867 suit
1242 811 1475 884 Vpsaliae
1503 855 1518 881 ,
1553 828 1687 866 anno
1717 817 1876 878 1726

114 909 168 962 d.
222 914 273 962 8.
319 901 597 971 octobris,
640 900 694 955 st.
739 916 792 954 v.
837 909 1160 954 memorante
1207 895 1395 952 Clariff.
1442 898 1539 953 Er.
1565 897 1788 955 Burman
1822 900 1877 954 in

115 991 267 1049 Affis
310 986 565 1042 Literariis
606 982 815 1040 Sueciae
857 985 919 1041 ad,
963 1001 1153 1038 annum
1206 995 1359 1048 1727
1412 1001 1467 1055 p.
1520 999 1551 1034 2
1564 987 1657 1047 56.

272 1076 318 1141 ξ.
356 1091 446 1139 19.
491 1068 652 1124 Sexto
695 1071 905 1142 denique
948 1067 1112 1122 nescio
1157 1084 1326 1122 annon
1370 1068 1520 1120 nimis
1564 1068 1659 1121 sim
1684 1068 1877 1139 audax,

116 1161 153 1219 fi
195 1177 264 1214 ex
305 1155 687 1225 comparatione
729 1154 1147 1207 obseruationum
1192 1150 1578 1220 Kirengenfium
1623 1166 1674 1205 et
1706 1152 1882 1207 Petro-

115 1246 458 1321 politanorum
502 1235 687 1308 aliquid
730 1236 793 1289 de
836 1249 1109 1289 ventorum
1153 1234 1407 1290 celeritate
1452 1234 1658 1289 statuere
1696 1237 1876 1292 velim.

114 1334 276 1387 Anno
324 1334 480 1389 1737
524 1321 573 1375 d.
628 1337 703 1375 10
754 1319 996 1375 Offirobris
1035 1338 1186 1377 mane
1232 1321 1360 1375 hora
1412 1328 1442 1378 8
1470 1332 1705 1377 notatum
1742 1322 1881 1395 apud

111 1431 201 1471 me
244 1409 442 1482 reperio
486 1402 794 1480 Zephyrum
863 1424 984 1461 cum
1049 1408 1290 1462 violentia
1341 1421 1371 1470 3
1405 1451 1420 1478 ,
1486 1424 1608 1462 cum
1677 1423 1885 1481 praece-

111 1500 236 1554 dens
279 1494 484 1565 vespera
529 1510 558 1546 a
603 1493 770 1546 ventis
815 1492 961 1562 plane
1004 1493 1168 1562 quieta
1200 1490 1384 1545 ‘fiiiffen
1475 1491 1669 1545 Ponam
1715 1493 1882 1566 itaque

111 1595 324 1639 ventum
371 1579 506 1632 hune
551 1576 683 1649 apud
730 1591 824 1630 nos
865 1577 1078 1650 coepisse
1122 1578 1245 1632 hora
1291 1581 1330 1628 6
1375 1593 1422 1631 a.
1470 1593 1546 1631 m.
1593 1579 1766 1650 coepit
1802 1596 1882 1634 er-

113 1684 183 1741 go
224 1668 276 1719 in
319 1678 558 1736 tempore
600 1661 886 1734 Kirengenfi
936 1654 1038 1717 11²⁷
1062 1659 1127 1730 9'
1169 1681 1215 1719 a.
1265 1680 1337 1718 m,
1385 1661 1462 1718 sed
1510 1662 1685 1719 diserte
1729 1675 1882 1719 nota-

111 1747 223 1808 tum
269 1752 340 1805 est
382 1766 412 1803 a
456 1746 593 1803 Clar.
644 1743 891 1803 Gmelino
915 1793 930 1820 ‚
976 1750 1213 1822 incepisse
1257 1749 1324 1803 ibi
1368 1748 1526 1803 furere
1571 1743 1884 1822 Zephyrum

111 1838 355 1893 violentia
399 1851 581 1907 magna
631 1830 690 1891 8²
717 1834 825 1902 30²
869 1853 919 1906 p.
967 1853 1042 1890 m.
1088 1852 1207 1890 cum
1253 1847 1396 1889 antea
1466 1846 1643 1889 ventus
1709 1836 1884 1892 modi-

111 1939 196 1976 cus
238 1922 355 1976 esset
397 1937 464 1974 ex
508 1920 656 1992 plaga
701 1917 1202 1992 Cephyro-Australi.
1248 1918 1338 1975 Sin
1380 1937 1505 1993 ergo
1529 1938 1723 1993 ponam
1758 1939 1881 1977 eun-

109 2008 236 2062 dem
290 2015 497 2061 ventum
545 2006 699 2059 nostri
741 2007 868 2060 ae‘ris
909 2010 1156 2063 continuo
1178 2020 1326 2062 motu
1362 2005 1469 2061 illuc
1494 2007 1718 2062 delatum
1744 2007 1840 2062 esse
1865 2050 1882 2079 ,

111 2091 328 2164 sequitur
367 2088 584 2144 absoluta
630 2090 723 2145 effe
768 2092 831 2145 ab
871 2109 935 2147 eo
984 2104 1096 2159 580
1146 2093 1374 2148 milliaria
1428 2087 1610 2146 Germ.
1671 2106 1879 2164 tempo-

112 2193 168 2234 re
209 2169 272 2243 9²²
303 2172 422 2228 21²:
512 2174 756 2231 Efficiunt
797 2190 968 2233 autem
1013 2179 1140 2234 haec
1191 2188 1307 2245 580
1354 2178 1588 2233 milliaria
1654 2172 1885 2234 Werstas

116 2265 281 2329 4060
309 2304 324 2331 ‚
367 2260 470 2315 hoc
510 2262 584 2315 est
628 2264 781 2334 pedes
822 2263 1163 2322 Londinenses
1210 2257 1530 2334 14210000
1562 2281 1726 2338 ;ergo
1751 2264 1885 2319 stan-

118 2360 171 2401 te
216 2345 486 2416 hypothesi
531 2347 695 2401 nostra
750 2350 890 2410 idem
942 2365 1120 2407 ventus
1186 2351 1471 2406 fortissimus
1536 2350 1695 2423 spatio
1739 2351 1882 2405 vnius

120 2431 309 2486 minuti
335 2429 548 2483 secundi
588 2430 793 2487 absoluit
838 2451 960 2502 422
1007 2438 1163 2510 pedes
1204 2435 1544 2491 Londinenses
1570 2478 1584 2505 ,
1608 2434 1743 2507 quod
1770 2434 1882 2506 spa-

118 2517 249 2570 tium
294 2516 462 2570 eidem
517 2517 744 2587 tempori
811 2520 1039 2579 debitum
1105 2523 1453 2579 communiter
1495 2537 1597 2578 non
1662 2519 1752 2577 nisi
1801 2532 1879 2588 50

117 2603 311 2677 pedum
354 2601 615 2659 Authores
657 2602 888 2661 statuunt.

897 2991 930 3053 1
973 2992 994 3050 i
1043 3007 1080 3065 3
1612 2989 1885 3056 OBSER—
