2378 3564
438 193 559 256 '268
715 180 1223 254 SCHEDIASMA
1268 189 1375 251 DE
1419 185 1874 272 VENTORVM.
1921 216 2014 267 etc.

435 349 620 404 domus
661 348 1030 403 conditionibus
1086 348 1249 403 modo
1304 348 1446 402 dietis
1503 350 1727 422 praedita
1765 354 1975 412 inueniri
2020 358 2205 431 poffit

433 432 497 488 In
542 432 636 486 hic
682 433 847 487 domo
878 436 959 488 ita
1005 437 1198 489 inuenta
1241 434 1276 488 fi
1321 435 1601 489 obsetmtor
1645 422 1790 490 fimul
1833 437 2054 497 habitare
2078 446 2195 517 pos-

431 518 533 586 fit,
577 518 1051 573 commodiffimum
1101 522 1153 574 id
1198 521 1331 574 erit:
1378 514 1485 575 sm=
1492 534 1658 574 autem
1697 520 1807 574 fieri
1831 521 1932 577 hoc
1955 541 2196 601 nequeat,

433 604 649 658 aedicuia
689 605 895 676 propria
936 605 1029 678 ipfi
1072 622 1236 678 prope
1291 604 1422 660 hanc
1467 608 1683 662 domum
1738 608 1905 663 denuo
1949 610 2211 672 aedificari

436 689 607 744 debet.

590 773 636 839 §.
676 789 764 826 10.
811 773 1020 828 Domus
1065 775 1265 829 inuenta
1321 778 1424 829 iam
1480 778 1543 833 ad
1598 777 1917 833 instituendas
1969 779 2204 838 obstrua-

432 857 599 912 tiones
638 858 910 926 adaptanda
958 857 1101 928 erit3
1160 860 1292 930 quod
1349 862 1485 913 breui
1536 876 1774 932 tempore
1799 907 1814 931 ,
1871 864 1999 918 fine¹
2031 868 2204 922 multis

431 940 709 1011 sumptibus
734 982 749 1007 ‚
795 957 824 994 a
867 943 1039 1012 quouis
1083 941 1226 997 fabro
1268 943 1483 1015 lignano
1505 990 1520 1017 ,
1566 947 1678 999 fieri
1735 948 1900 1017 potest
1921 951 1946 1018 ⁷3
1989 951 2027 1004 fi
2049 994 2063 1020 ,
2105 949 2203 1006 de'-

434 1024 615 1079 struc'ta
660 1025 783 1078 testi
827 1027 986 1097 aliqua
1034 1040 1176 1098 parte
1203 1073 1219 1098 ,
1274 1031 1326 1082 in
1385 1030 1486 1083 eius
1541 1031 1711 1084 locum
1770 1025 1997 1105 planities
2037 1034 2206 1106 lignea

431 1108 741 1163 substituatur
766 1153 780 1178 ,
824 1125 892 1163 ex
935 1112 1066 1164 duris
1109 1113 1292 1183 lignis,
1341 1115 1465 1167 bene
1509 1127 1560 1168 et
1603 1117 1687 1169 diu
1729 1130 1842 1169 ante
1886 1115 2113 1187 ficcatis3
2150 1116 2210 1176 et

433 1195 696 1266 dupliciter
742 1194 829 1248 fibi
873 1196 1120 1267 impositis
1143 1240 1157 1266 ,
1209 1210 1370 1269 atque*
1402 1198 1615 1253 firmiter
1672 1204 2029 1272 coagmentatis
2072 1205 2231 1261 interov

432 1276 519 1332 se
508 1321 523 1351 ‚
595 1296 720 1352 quae
773 1278 1010 1351 planities
1075 1279 1286 1353 spatium
1356 1299 1457 1335 non
1512 1285 1671 1336 maius
1721 1304 1872 1355 quam
1918 1305 1957 1353 9
2007 1290 2207 1362 pedum

433 1364 789 1433 quadratorum
816 1405 835 1439 2
891 1365 1037 1432 quale
1089 1367 1158 1418 est
1204 1366 1404 1419 mensae
1457 1352 1662 1420 alicuius
1695 1370 1896 1439 quadrat
1898 1386 1959 1421 ιε
2004 1377 2206 1433 medio

434 1446 571 1513 cri5‚
628 1457 686 1499 vt
740 1459 997 1516 occupet,
1053 1448 1239 1500 neceffe
1296 1448 1382 1499 est.
1470 1448 1642 1517 Ipsum
1686 1452 1790 1503 hoc
1831 1440 2106 1534 tabulatum
2149 1463 2207 1511 et·

433 1528 815 1586 horizontaliter
854 1531 1020 1602 poni,
1053 1543 1112 1584 et
1153 1548 1272 1585 cum
1315 1546 1431 1584 cura
1474 1531 1709 1601 laeuigar'i
1752 1532 1902 1584 debet
1959 1536 2013 1586 in
2058 1530 2205 1611 parte

435 1613 718 1686 superiori·
706 1655 738 1687 ,
769 1627 822 1668 et
865 1632 1038 1688 prope
1070 1616 1189 1671 illud
1234 1616 1348 1670 scala
1396 1617 1604 1670 admota
1629 1615 1713 1686 fit,
1754 1633 1844 1688 per
1867 1633 2021 1687 quam
2055 1634 2209 1673 com-

439 1703 599 1755 mode
641 1712 691 1753 et
736 1699 836 1754 fine
881 1700 1101 1773 periculo
1156 1701 1448 1757 adscendere
1501 1703 1564 1756 ad
1610 1701 1740 1756 hanc
1798 1701 2067 1807 planitiem
2111 1704 2212 1761 ob-s'

437 1781 653 1840 struator
694 1785 870 1858 posslt
862 1789 1055 1859 quouis
1095 1798 1353 1862 ternpore.
1710 1806 1716 1814 ·
2043 1832 2048 1837 -

595 1871 642 1937 §.
680 1888 701 1923 1
723 1889 769 1925 1
821 1871 1081 1948 Quoniam
1127 1875 1293 1946 itaque
1333 1885 1603 1930 ventorum
1651 1873 1918 1947 praecipue
1961 1893 2075 1931 cura
2120 1873 2208 1930 haa'

437 1951 546 2010 beri
574 1957 738 2011 debet
780 1959 833 2012 in
877 1957 956 2012 his
998 1959 1359 2014 Obseruatoriis
1413 1960 1659 2031 hucusque
1702 1960 1954 2032 descriptis
1981 2005 1996 2030 ‚
2054 1973 2203 2032 atque

440 2043 610 2095 omnis
651 2038 752 2096 fere
796 2039 980 2097 horum
1012 2043 1300 2099 obseruatio
1338 2045 1659 2116 restringitur
1688 2046 1765 2097 ad·
1794 2060 1973 2100 eorum
2019 2044 2205 2100 Direc⁴

441 2125 642 2179 tionem
697 2140 749 2180 et
793 2127 1230 2182 Vehementiam:
1299 2129 1465 2182 dicam
1526 2130 1698 2200 primo
1728 2173 1741 2197 ‚
1811 2147 1905 2201 qua
1961 2133 2160 2184 ratione
2185 2139 2244 2202 ,'

442 2210 585 2263 meo·
611 2210 1087 2281 quidem-,iudicim
1136 2212 1376 2266 obseruari
1422 2214 1599 2267 debeat
1624 2214 1852 2268 'direcftio
1894 2228 2204 2286 ventorum,

440 2305 502 2345 vt
546 2291 699 2365 scopo
762 2298 960 2350 intento
1012 2315 1070 2351 ea
1126 2297 1343 2352 sufficere
1410 2298 1578 2368 poffit.
1678 2298 1742 2352 In
1786 2298 2011 2353 tabulato
2048 2301 2206 2372 igitur

439 2390 586 2432 antea
630 2394 924 2436 memorato
965 2382 1279 2436 def'cribenda
1324 2383 1553 2454 primum
1599 2385 1693 2436 erit
1738 2383 1865 2437 linea
1891 2386 2205 2454 meridiana,

441 2475 498 2515 et
536 2463 665 2518 circa
709 2465 847 2519 hanc·
879 2468 1056 2521 diuifio
1098 2467 1381 2521 horizontis
1434 2470 1485 2521 in
1539 2473 1612 2520 16
1655 2469 1822 2540 plagas
1874 2483 2098 2525 accurate
2149 2486 2200 2521 a·

441 2547 704 2603 domanda
729 2594 744 2621 ,
788 2552 1119 2625 ἀιίῖἰηξΐί5ᾳυε
1163 2553 1300 2607 lineis
1354 2553 1502 2608 restis
1542 2555 1877 2626 depingenda.
1922 2587 1945 2593 κ
1975 2554 2100 2606 Puto
2142 2565 2199 2602 e-

441 2633 592 2686 nim
580 2675 597 2702 ,
654 2652 772 2690 cum
818 2639 922 2691 aliis
950 2649 1237 2692 ventorum
1312 2638 1743 2708 obseruatoribUS,
1797 2638 1876 2690 his
1926 2639 1998 2686 16
2041 2634 2201 2705 plagis

443 2716 809 2774 obseruationes
847 2721 910 2775 h
901 2738 937 2775 5
977 2739 1037 2777 ea
1081 2724 1228 2781 omni
1271 2725 1617 2782 exaCtitudine
1658 2719 1841 2777 absolui
1883 2718 2044 2827 poffip,
2070 2733 2196 2791 quae

443 2795 533 2853 hic
569 2803 754 2875 requiri
795 2807 977 2880 potest

513 2920 521 2929 .
2006 2888 2057 2956 5.
2089 2904 2187 2942 12.
