2378 3564
121 379 227 419 '‘sab.
269 380 317 418 Π.

141 434 211 485 fig.
246 435 290 474 6.

138 996 241 1036 «ab.
280 996 328 1034 n.

172 1048 247 1102 fig.
284 1061 323 1104 7.

361 215 481 268 166
549 195 1031 267 EXPLICATIO
1081 159 1818 262 PRAENOMENORVM
1867 194 2071 281 QVAE

362 393 450 430 nus
490 374 558 427 est
598 361 672 439 '’¹7⁹-
760 371 907 444 Quae
952 379 1122 421 autem
1168 364 1230 419 de
1275 360 1381 417 casu
1427 363 1577 416 tertio
1620 365 1665 427 ς.
1711 382 1803 417 20.
1861 364 2115 418 attulimus

361 477 417 514 ea
446 503 459 528 ,
516 473 634 511 cum
687 456 778 510 fint
833 470 903 507 ex
956 451 1325 524 compositione
1393 459 1564 502 motus
1605 448 1841 518 deducta,
1895 451 2027 503 recte
2071 448 2116 500 se

360 544 589 612 habent,
648 558 706 595 ac
751 541 786 595 fi
832 538 1094 593 obiectum
1151 535 1414 608 specstatori
1468 534 1518 587 in
1564 531 1616 586 A
1674 533 1945 586 constituto
1970 578 1983 603 ,
2028 533 2115 604 qui

357 628 625 684 secundum
668 625 1005 680 dire&1‹1iem
1052 622 1157 676 ΑΕ
1199 621 1453 674 celeritate
1496 633 1527 673 r
1581 628 1980 690 promoueatur,
2031 634 2121 687 ap-

359 726 535 787 pareat
578 713 629 765 in
673 711 949 765 directione
990 708 1124 783 AQ
1163 705 1239 760 seu
1292 703 1374 759 sub
1429 704 1611 774 angulo
1662 702 1838 839 QAIE
1893 702 2024 754 cuius
2062 700 2117 754 fi-

360 817 452 854 nus
496 798 567 854 est
609 815 696 866 m,
741 795 939 849 adhunc
980 793 1214 864 angulum
1267 791 1383 844 addi
1426 790 1577 843 debet
1630 787 1831 859 angulus
1875 784 2002 861 QA
2028 783 2124 856 O,

360 895 497 947 cuius
537 892 661 945 finus
703 889 872 941 est:
895 879 960 919 Ἠ
989 898 1087 953 ,vt
1110 881 1319 952 prodeat
1363 883 1476 935 situs
1515 881 1703 934 obiec'ti
1745 897 1904 935 verus

517 974 562 1033 (5.
594 987 690 1030 30.
739 971 816 1024 Vt
860 981 1026 1023 autem
1070 966 1423 1035 phaenomena
1466 962 1597 1018 casus
1639 963 1833 1017 secundi
1858 963 2163 1018 distinctius

363 1053 654 1110 euoluamus
679 1096 692 1122 ,
733 1051 1092 1105 examinemus
1132 1046 1415 1101 miffionem
1459 1049 1740 1117 radiorum,
1784 1065 1907 1119 quae
1942 1063 2008 1102 ex
2034 1048 2126 1101 ob-

364 1139 499 1196 iec'to
545 1135 725 1191 mobili
771 1136 847 1190 fit.
938 1131 1167 1206 Quieicat
1211 1132 1357 1200 igitur
1400 1130 1628 1201 primum
1669 1133 1927 1182 obiectum
1972 1133 2025 1180 in
2050 1126 2131 1200 Ο,

366 1242 429 1280 ac
471 1222 595 1277 radii
640 1237 708 1274 ex
751 1237 816 1274 eo
859 1234 1048 1290 quaqua
1091 1213 1254 1269 versus
1305 1216 1597 1269 emittentur
1648 1214 1840 1287 aequali
1884 1213 2131 1268 celeritite

348 1328 436 1371 sc·
425 1352 441 1382 ‚
488 1309 558 1361 ita
601 1320 660 1360 vt
704 1305 945 1378 spectator
989 1304 1072 1371 A,
1115 1301 1394 1371 Vbicunque
1417 1300 1669 1368 consistat,
1694 1301 1886 1353 radium
1912 1299 2028 1353 OA
2062 1312 2131 1350 ex

368 1393 579 1448 obiecto
621 1392 842 1461 excipiat
886 1389 1132 1442 celeritate
1171 1403 1198 1439 c
1242 1399 1475 1452 motum,
1525 1385 1658 1437 vnde
1697 1385 1730 1438 si
1766 1384 1990 1436 distantia
2013 1369 2131 1435 OA

367 1476 516 1533 fuerit
558 1490 628 1544 u,
671 1474 833 1527 radius
876 1472 981 1525 OA
1027 1486 1095 1522 ex
1139 1468 1343 1521 obiecto
1387 1470 1447 1522 ad
1491 1468 1822 1538 spec'titorem
1880 1467 2134 1538 perueniet

366 1588 606 1647 tempore
647 1561 688 1640 ²}-
736 1569 917 1624 minut.
968 1566 1165 1621 secund.
1268 1565 1521 1619 Ponamus
1575 1583 1703 1619 nunc
1749 1565 2012 1619 obiectum
2052 1580 2129 1616 ce-

306 1659 307 1663 ’
367 1662 565 1719 leritate
620 1675 645 1712 s
700 1657 753 1710 in
807 1653 1087 1708 direc‘tione
1145 1649 1262 1704 OV
1307 1651 1589 1723 progredi,
1657 1651 1746 1705 iste
1801 1638 1972 1703 motus'
2014 1656 2134 1701 cum

370 1760 524 1804 motu
566 1741 771 1798 naturali
815 1739 1122 1811 {iugulorum
1168 1736 1421 1791 radiorum
1467 1737 1668 1790 debebit
1709 1735 1962 1805 coniungi.
2022 1730 2136 1787 De-

369 1832 602 1890 scribatur
654 1829 803 1901 igitur
854 1840 1025 1879 centro
1070 1823 1121 1878 O
1165 1823 1305 1877 radio
1347 1820 1459 1877 OC
1487 1866 1501 1892 ,
1558 1823 1641 1894 qui
1689 1822 1744 1876 sit
1801 1822 1860 1874 ad
1905 1818 2016 1874 OV
2058 1816 2136 1874 vti

370 1937 402 1976 c
446 1919 509 1973 ad
554 1935 579 1973 s
621 1912 823 1969 circulus
866 1907 1120 1983 CBFD3
1168 1911 1365 1981 eiusque
1392 1908 1600 1981 quilibet
1646 1908 1808 1962 radius
1851 1903 1950 1960 OB
1994 1919 2137 1975 prae-

374 2003 517 2059 bebit
559 2000 755 2057 radium
802 1995 919 2066 lucis
958 2014 1056 2051 vna
1098 2012 1215 2050 cum
1261 1995 1408 2067 ipsius
1451 1994 1699 2047 celeritate
1725 2034 1739 2058 ‚
1794 1990 1878 2060 qui
1934 2003 2000 2039 ex
2043 1985 2136 2038 ob-

373 2087 515 2143 iesto
581 2084 857 2157 quiescente
914 2084 1237 2136 emitteretur.
1337 2078 1414 2130 At
1466 2077 1533 2130 ob
1578 2089 1781 2128 motum
1835 2071 2020 2124 obiecti
2064 2087 2141 2123 ra-

375 2172 487 2226 dius
529 2169 639 2224 OB
692 2184 797 2221 non
853 2165 982 2219 hanc
1027 2163 1353 2218 directionem
1412 2160 1723 2214 conseruabit
1749 2202 1762 2225 ,
1807 2157 1884 2209 sed
1933 2170 2141 2226 progre-

380 2256 543 2313 dietur
585 2271 675 2325 per
717 2250 1041 2322 diagonalem
1086 2248 1176 2302 OI
1221 2246 1681 2320 parallelogrammi
1726 2240 1975 2310 OBIV,
2019 2240 2144 2293 eius-

379 2358 478 2422 que
521 2339 741 2394 celeritas
782 2337 874 2389 erit
914 2348 972 2388 vt
1018 2333 1114 2388 01.

541 2425 588 2491 §.
621 2440 714 2488 31
760 2418 812 2475 Si
857 2420 957 2473 iam
1003 2419 1103 2473 hoc
1148 2417 1319 2473 modo
1349 2417 1511 2490 finguli
1552 2416 1674 2471 radii
1719 2412 1818 2469 OB
1861 2428 1978 2466 cum
2025 2425 2144 2464 mo-

382 2520 469 2565 tu
484 2510 674 2565 obiecti
716 2506 1117 2575 coniungantur,
1167 2506 1468 2576 reperientur
1514 2503 1696 2573 puncta
1743 2499 1766 2553 Ι
1823 2499 1912 2553 sita
1953 2495 2046 2549 efle
2087 2493 2143 2547 in

384 2596 672 2669 peripheria
717 2591 888 2648 circuli
929 2587 1086 2644 GIH
1144 2604 1315 2643 centro
1365 2592 1403 2643 V
1464 2590 1602 2641 uiido
1647 2582 1858 2641 VG:
1882 2577 1992 2634 OC
2017 2581 2144 2631 :tc

385 2680 653 2752 descripti:
723 2691 868 2750 atque
935 2675 1181 2748 quaelibet
1244 2675 1377 2729 recia
1434 2673 1522 2726 01
1577 2688 1643 2724 ex
1698 2671 1815 2722 loco
1858 2663 2042 2718 obieffi
2087 2661 2140 2715 O

386 2765 450 2816 ad
494 2764 627 2818 hanc
670 2763 877 2820 alteram
932 2759 1270 2831 peripheria-m
1325 2758 1469 2812 dursti
1521 2752 1780 2808 exhibebit
1832 2750 2144 2802 celerititem

385 2847 513 2907 radii
555 2848 663 2904 OA
704 2848 755 2902 in
797 2844 1077 2901 direftione
1121 2842 1202 2897 01
1245 2841 1421 2898 emilii.
1511 2839 1598 2892 Ab
1643 2838 1740 2892 hoc
1766 2836 1912 2908 igitur
1935 2832 2143 2887 obiecto

1948 2912 2138 2992 specta
