2378 3564
484 241 519 281 ε
532 238 607 293 50
694 205 1312 278 οΒΞΕΚτἈΤΙΟΝΕΞ
1356 213 2101 284 METEoRoLoGICAE.

639 366 689 430 ξ.
727 385 821 438 15.
867 371 1101 424 Tertium
1145 368 1212 423 est
1239 413 1253 439 ‚
1304 368 1439 441 quod
1486 369 1539 423 in
1582 371 1767 427 eodem
1832 378 2240 432 Thermometro

475 459 771 530 Kirengenfi
817 456 1015 530 prorsus
1059 455 1456 526 inexspeetatum
1503 457 1728 528 accidit,
1796 464 2009 515 mutatio
2059 476 2246 533 nempe

477 550 609 602 adeo
656 544 811 598 subita
836 587 850 615 2
895 556 951 597 vt
995 540 1207 596 ascenssls
1251 541 1486 596 mercurii
1530 541 1683 596 oculis
1723 542 1949 614 distmgui
2006 548 2242 615 potuerit.

479 632 628 689 Nam
674 628 993 685 Nouembris
1041 641 1113 694 27
1143 670 1158 698 ,
1211 637 1366 692 1737
1395 669 1410 697 ‚
1455 640 1559 682 crat
1601 627 1719 682 illud
1788 626 2247 685 Thermometrum

483 730 724 789 tempore
771 714 1027 768 matutino
1068 713 1120 765 in
1161 714 1316 783 gradu
1365 721 1481 768 218
1511 757 1526 784 ,
1576 728 1813 785 tempore
1868 713 2155 768 meridiano
2200 715 2254 769 in

485 810 642 876 gradu
692 811 849 868 270⁷
892 816 988 870 qua
1035 797 1377 850 obseruatione
1422 800 1515 851 vix
1556 799 1843 870 confignata
1912 814 2033 853 cum
2091 798 2258 854 denuo
2333 804 2336 807 '

486 895 765 942 accurreret
811 880 947 934 Clar.
997 876 1264 933 Gmelinus
1305 881 1367 934 ad
1410 880 1803 938 Instrumentum
1832 927 1847 953 ,
1892 884 1995 939 iam
2019 883 2138 938 illud
2164 898 2258 936 no-
2338 934 2343 938 ,

486 971 625 1026 tabat
670 971 782 1035 265
820 1009 834 1036 ,
880 977 929 1019 et
972 964 1220 1018 continuo
1263 962 1374 1036 ipso
1443 968 1698 1037 praesente
1739 981 1792 1021 et
1836 968 2052 1023 adstante
2115 966 2258 1022 altius

489 1055 707 1112 ascendit
732 1097 747 1125 ‚
789 1053 952 1106 donec
998 1050 1109 1122 post
1152 1048 1399 1105 effluxum
1445 1050 1700 1108 semihorii
1743 1053 2025 1109 ostenderet
2097 1065 2208 1120 195
2241 1093 2259 1123 ,

490 1156 544 1198 et
584 1139 777 1212 vesperi
819 1136 948 1191 hora
1001 1153 1067 1187 11
1119 1136 1419 1190 monstraret
1471 1142 1604 1203 176.
1718 1138 1927 1195 Eodem
1975 1138 2079 1193 hoc
2125 1150 2261 1194 tem-

492 1243 620 1302 pore
665 1235 938 1278 ventorum
989 1221 1205 1276 mutatio
1246 1219 1452 1291 sequens
1490 1222 1743 1280 obseruata
1788 1223 1898 1280 fuit.
1987 1222 2093 1279 Die
2138 1223 2260 1280 No-

493 1308 722 1369 vembris
767 1322 839 1375 25
889 1306 1140 1361 desmebat
1201 1303 1380 1376 spirare
1450 1303 1639 1362 Boreas
1665 1351 1681 1378 ,
1745 1309 1919 1363 diebus
1962 1315 2036 1360 26
2080 1321 2132 1363 et
2178 1320 2255 1375 27

494 1396 650 1453 nullus
695 1407 802 1447 erat
846 1404 1067 1461 ventus3
1110 1390 1161 1442 d.
1212 1398 1288 1444 28
1333 1407 1458 1443 vero
1498 1391 1624 1446 hora
1667 1410 1707 1458 4
1731 1394 1979 1446 matutina
2001 1393 2122 1447 flare
2145 1409 2264 1447 coe-

496 1483 577 1555 pit
620 1477 806 1533 Auster
849 1490 968 1528 cum
1010 1474 1064 1525 vi
1107 1471 1307 1524 'summa
1333 1514 1350 1541 ,
1393 1472 1579 1526 secutae
1623 1474 1733 1527 sunt
1778 1477 1967 1529 eodem
2013 1477 2096 1531 die
2130 1478 2266 1531 niues

497 1566 727 1621 minutae
783 1558 1024 1614 humidae
1046 1597 1062 1624 ,
1129 1556 1334 1610 cadente
1399 1552 1705 1610 Barometro
1742 1599 1758 1627 ,
1827 1556 2121 1630 incaluitque
2175 1564 2263 1615 a'e‘r

501 1650 616 1725 post
659 1647 852 1719 aliquot
893 1644 1003 1699 dies
1043 1641 1195 1713 vsque
1237 1641 1300 1695 ad
1345 1643 1557 1711 gradum
1612 1646 1746 1705 163.
1806 1639 1954 1696 Idem
1982 1641 2084 1697 hoc
2108 1643 2265 1714 phae-

501 1750 771 1793 nomenon
810 1730 991 1785 accidit
1028 1744 1226 1800 quoque
1280 1739 1431 1793 1737
1481 1726 1786 1782 Decembris
1833 1744 1900 1779 11
1936 1769 1952 1797 ,
1998 1739 2055 1782 vt
2078 1741 2269 1799 nempe

503 1822 976 1878 Thermemetrum
1041 1813 1172 1869 circa
1218 1812 1400 1868 horam
1452 1826 1483 1877 3
1533 1830 1587 1886 p.
1639 1831 1713 1868 m.
1764 1826 2000 1887 tempore
2049 1827 2116 1877 13
2168 1812 2270 1887 mi-

504 1924 742 1966 nutorum
790 1905 1078 1979 primorum
1126 1918 1154 1956 a
1199 1900 1352 1974 gradu
1404 1914 1519 1968 252
1565 1898 1722 1955 subito
1766 1913 1820 1954 et
1860 1899 2104 1954 continuo
2153 1914 2269 1952 mo-

505 2008 561 2051 tu
604 1991 873 2050 ascenderit
914 1991 977 2045 ad
1019 1988 1231 2061 gradum
1302 2003 1426 2042 210
1451 2033 1466 2059 ,
1533 1986 1636 2042 hoc
1679 1985 1749 2040 est
1793 2001 1886 2056 per
1928 1999 2006 2050 42
2078 1984 2275 2055 gradus.

505 2081 664 2136 Venti
708 2077 895 2132 eodem
939 2092 1042 2149 quo
1084 2086 1231 2128 antea
1273 2074 1437 2128 modo
1482 2072 1530 2125 se
1570 2070 1875 2124 habuerunt.
1957 2067 2086 2125 Erat
2120 2070 2270 2123 enim

508 2166 677 2222 diebus
722 2154 805 2233 9³²,
854 2178 926 2215 10
954 2203 974 2231 ‚,
1016 2173 1071 2213 et
1115 2174 1188 2212 11
1214 2200 1235 2226 ‚,
1275 2157 1438 2211 nullus
1473 2167 1650 2209 ventus
1674 2198 1694 2227 ,
1733 2155 1815 2209 die
1854 2169 1985 2208 vero-
2043 2169 2113 2205 12
2166 2155 2272 2225 pri-

511 2266 606 2307 mo
650 2264 804 2304 mane
848 2245 1166 2301 exoriebatur
1210 2239 1680 2297 vehementiffimus
1728 2235 2001 2312 Zephyrus
2025 2281 2041 2310 ‚
2109 2235 2278 2293 Baro·

512 2347 682 2392 metro
723 2332 933 2387 cadente
954 2375 974 2401 ,
1013 2341 1069 2383 et
1109 2327 1398 2400 insequente
1434 2325 1731 2401 tempestate
1773 2324 1935 2382 calida
1952 2323 2142 2401 aliquot
2165 2323 2283 2402 die·⁴

511 2437 628 2480 rum
673 2419 822 2492 Vsque
865 2417 929 2472 ad
971 2414 1185 2489 gradum
1234 2417 1310 2465 16
1319 2421 1374 2470 8.

674 2505 720 2572 ς.
758 2524 778 2559 1
795 2506 833 2555 6
843 2544 854 2556 .
902 2501 1063 2557 Huius
1099 2498 1304 2572 quidem
1348 2498 1602 2571 Vtriusque
1641 2497 1915 2556 inconffieti
1961 2497 2279 2572 phaenome-

517 2594 571 2650 ni
615 2589 752 2647 causa
796 2605 864 2643 ex
907 2604 974 2642 eo
1019 2585 1150 2641 mihi·
1194 2584 1466 2641 deriuanda
1484 2584 1586 2640 effe
1600 2586 1846 2657 videtur,
1895 2586 2033 2657 quod
2054 2585 2283 2637 invtro·

519 2694 617 2750 que
657 2674 763 2732 casu
804 2671 1134 2729 vehementes
1169 2683 1225 2725 et
1262 2670 1413 2726 subitr
1453 2670 1600 2725 venti
1638 2672 1810 2725 exorti
1866 2668 2067 2723 fiaerint.
2135 2661 2280 2720 Cum

521 2762 664 2817 enim
708 2762 914 2815 durante
962 2758 1135 2831 primo
1179 2755 1364 2811 ascensu
1391 2797 1410 2821 ‚a
1451 2755 1554 2809 hoc
1590 2754 1663 2809 est
1686 2797 1707 2823 ‚2
1739 2751 2053 2809 NouembriS
2074 2763 2149 2816 27
2176 2750 2277 2806 ho·

524 2861 582 2903 ra
627 2861 697 2900 u
745 2863 801 2922 p.
844 2861 925 2901 m.
966 2843 1128 2905 nullus
1162 2853 1347 2903 ventus
1382 2837 1585 2919 spiraret
1608 2879 1630 2911 ,
1669 2849 1725 2894 et
1764 2836 1945 2899 deinde
2005 2835 2123 2918 post
2157 2849 2274 2892 men

2129 2922 2281 2986 diam
