2378 3564
110 251 376 316 DESCR.
402 242 509 308 ET
532 242 721 311 ICON
744 240 811 309 N
812 245 1008 311 OVAE
1029 246 1381 314 BERMVD.
1407 246 1699 318 SPECIEI
1746 265 1869 331 307

270 406 510 475 Embryo
555 404 755 460 floribus
796 402 1204 461 marcestentibus
1244 406 1557 465 excrescebat
1577 409 1629 467 in
1652 407 1878 471 frustum

109 492 287 550 obtuse
333 494 592 564 trigonum
618 533 632 560 ,
673 489 902 560 glabrum
930 531 945 558 ‚
993 489 1176 562 pallide
1219 492 1549 551 virescentem
1574 538 1590 566 ,
1629 498 1879 555 extremi·

107 592 270 636 tatem
310 577 467 632 versus
521 573 820 648 ampliatum
845 617 861 643 ,
905 574 956 628 in
999 573 1095 629 tria
1161 575 1502 635 loculamenta
1565 580 1779 638 diuisum
1824 593 1880 640 et

109 681 204 738 per
247 663 590 720 maturitatem
635 658 873 714 trifariam
916 656 1274 716 dehiscentem.
1363 658 1428 716 In
1474 662 1677 737 singulis
1743 666 1880 725 hisce

106 749 453 806 loculamentis
492 747 670 802 baccae
715 744 1104 801 continebantur
1149 744 1314 818 plures
1337 789 1352 818 ,
1394 745 1675 821 sphaericae
1702 792 1719 823 ,
1765 749 1880 808 Co-

107 836 292 892 riandri
334 833 536 888 (eminis
576 831 923 904 magnitudine
948 875 964 901 ,
1006 830 1274 887 aterrimae
1301 870 1321 899 ‚
1361 830 1674 906 splendentes
1701 866 1735 908 ,=-
1787 836 1879 897 axi

110 918 335 977 affixae:
380 916 563 992 pulpae
608 929 781 973 autem
825 916 1056 972 medium
1100 916 1379 990 occupabat
1445 918 1622 976 semen
1644 921 1828 979 durum
1853 963 1874 994 ,

104 1005 416 1078 sphaericum
442 1004 617 1059 itidem
641 1046 660 1073 ,
701 1001 892 1058 coloris
914 1000 1046 1058 fusti.
1120 1001 1354 1058 Hiscente
1399 1020 1494 1077 per
1524 1008 1879 1064 maturitatem

106 1089 269 1144 fruCtu
293 1090 471 1146 baccae
511 1090 595 1142 axi
635 1087 813 1144 medio
845 1087 951 1143 {atis
975 1085 1194 1142 firmiter
1216 1086 1610 1146 adhaerescentes
1632 1090 1880 1165 exiguam

107 1189 261 1229 uvam
307 1171 694 1247 quodammodo
735 1183 788 1223 et
832 1170 1033 1240 aspeetu
1076 1167 1342 1240 pulchram
1390 1174 1835 1245 repraesentabant.

245 1257 380 1313 Iulio
405 1255 570 1314 mense
593 1255 645 1309 in
667 1252 822 1308 horto
846 1251 1166 1308 Academico
1190 1253 1373 1310 florere
1397 1255 1712 1331 incipiebant
1735 1262 1884 1335 supra

105 1343 379 1417 descriptae
403 1343 607 1415 plantae
629 1350 684 1393 et
704 1354 798 1413 per
823 1337 1077 1412 integrum
1088 1338 1375 1412 Augustum
1399 1340 1555 1399 flores
1575 1361 1766 1419 magna
1791 1363 1882 1404 co·

106 1429 188 1502 pia
233 1427 584 1500 prostrebant,
622 1423 793 1482 versus
808 1423 974 1497 finem
1015 1437 1195 1481 autem
1227 1422 1548 1499 Septembris
1570 1443 1625 1487 et
1657 1430 1881 1492 octobri

20 1537 24 1542 ’
107 1513 277 1575 mense
297 1512 484 1567 fructus
513 1508 854 1564 maturabant.

263 1595 569 1650 Ine-rescente
614 1591 808 1662 hyeme
831 1592 943 1650 folla
968 1605 1020 1649 et
1066 1592 1233 1651 caules
1272 1597 1578 1654 moriuntur.
1626 1601 1882 1674 Radices,

105 1698 234 1754 quae
259 1696 500 1752 perennes
517 1676 651 1748 sunt,
669 1679 723 1732 in
748 1677 1097 1748 hybernaculis
1128 1680 1337 1737 modice
1376 1683 1549 1740 calidis
1613 1685 1790 1745 seruari
1828 1700 1882 1745 et

107 1784 282 1843 parum
330 1766 409 1820 sed
446 1765 600 1839 sepius
639 1764 831 1836 irrigari
874 1766 1080 1822 debent.

261 1851 471 1906 Florum
542 1851 726 1925 petalis
769 1863 822 1905 et
866 1851 1029 1907 fructu
1092 1850 1259 1910 nostra
1321 1852 1451 1913 haec
1514 1855 1688 1931 planta
1755 1875 1881 1919 cum

105 1932 472 1990 Bermud'ianae
537 1935 783 2007 speciebus
824 1955 855 1992 a
899 1935 1251 1995 Celeberrimo
1291 1941 1681 2000 Tournefortic»
1704 1946 1756 2001 in
1792 1945 1881 2001 In·

106 2019 436 2073 stitutionibus
475 2020 547 2072 rei
591 2019 846 2075 herbariae
891 2025 1139 2079 recensitis
1181 2028 1424 2082 conuenit
1444 2071 1462 2098 ,
1506 2029 1672 2084 differt
1708 2031 1888 2086 stami-

105 2106 246 2159 nibus
267 2122 294 2158 a
329 2105 496 2176 prima
540 2104 661 2158 Eius
708 2105 869 2177 specie
911 2121 963 2164 et
1007 2111 1070 2164 ab
1113 2109 1209 2163 alia
1253 2113 1332 2167 illa
1378 2113 1582 2169 exiliori
1627 2115 1884 2189 Virginia-

105 2205 170 2241 na
196 2231 210 2257 ‚
250 2206 368 2260 quas
411 2189 586 2244 ambas
607 2233 624 2259 ,
669 2192 1027 2249 accuratiffime
1053 2238 1067 2264 ,
1112 2206 1172 2248 vt
1218 2198 1344 2253 solet
1370 2243 1385 2269 ,
1432 2196 1687 2256 Celeberr.
1713 2201 1883 2258 Dille·

108 2273 220 2326 nius
260 2273 315 2327 in
358 2272 509 2328 herto
555 2273 868 2332 Elthamenfi
910 2278 1165 2352 descripsit
1209 2297 1263 2339 et
1304 2283 1574 2341 delineauit
1598 2331 1612 2358 ,
1670 2289 1724 2342 in
1772 2288 1882 2360 qui·

109 2355 199 2410 bus
239 2357 507 2412 staminum
532 2361 692 2430 apices
732 2361 914 2432 pistillo
957 2365 1170 2436 appresfi
1212 2367 1325 2424 sunt
1353 2411 1371 2437 ,
1420 2370 1555 2426 secus
1597 2388 1656 2427 ac
1698 2374 1750 2427 in
1785 2388 1882 2427 no·

92 2441 205 2495 'stra
249 2444 416 2514 planta
446 2486 461 2512 ,
502 2460 628 2515 quae
673 2444 880 2500 stamina
925 2449 1124 2504 obtinet
1166 2451 1324 2508 libere
1348 2453 1678 2512 fluctuantia:
1712 2457 1881 2513 differt

105 2528 375 2582 seminibus
418 2528 568 2601 pulpa
614 2529 886 2604 obd11ffis3
929 2534 1113 2589 frucstus
1155 2538 1468 2593 membranis
1511 2557 1605 2612 per
1660 2543 1874 2596 maturi-

112 2625 267 2669 tatem
315 2616 511 2686 penitus
553 2615 754 2670 reflexis
783 2660 798 2685 ,
840 2617 1109 2674 seminibus
1174 2623 1382 2678 interim
1440 2641 1545 2678 non
1614 2627 1879 2701 deciduis·‚

113 2699 277 2770 pistilli
318 2700 603 2755 summitate
646 2701 695 2755 in
742 2700 829 2757 sex
870 2704 1125 2776 segmenta
1169 2707 1335 2764 diuisa.
1418 2707 1609 2766 Differt
1663 2712 1878 2787 denique

115 2785 179 2839 ab
223 2783 361 2840 Ixiae
405 2802 584 2858 genere
630 2805 658 2841 a
704 2785 891 2844 Clariss-
939 2789 1170 2847 Linnaeo
1213 2794 1266 2847 in
1309 2790 1591 2850 Corolhirio
1634 2786 1877 2868 generum

117 2870 398 2946 plantarum
444 2871 665 2927 instituto
710 2875 884 2944 petalis
947 2875 1130 2931 florum
1173 2889 1233 2933 vt
1276 2880 1555 2951 plurimum
1611 2883 1882 2955 inaequali-

115 2961 248 3032 bus3
295 2955 479 3031 pistillo
522 2957 814 3016 staminibus
858 2959 1019 3031 duplo
1063 2960 1164 3016 sere
1207 2962 1465 3038 longiori,
1505 2967 1725 3023 eiusdem
1762 2969 1875 3040 stig-

888 3046 1004 3123 Qq
1051 3063 1085 3100 2
1734 3066 1872 3109 mate
