2378 3564
433 306 547 363 370
723 274 1198 347 OCCVLTATIO
1247 272 1601 339 PALILICII
1638 281 1690 340 A
1736 279 1972 345 LVNA.

431 457 627 515 quoque
681 452 856 511 patet,
912 456 998 492 cur
1052 436 1264 491 eaedem
1318 434 1481 488 stellae
1536 432 1650 504 post
1703 423 2033 489 emersionem
2078 454 2180 495 non

429 526 517 580 nifi
559 528 607 578 in
655 525 860 577 notabili
904 541 931 577 a
973 523 1137 576 limbo
1181 522 1322 574 lunae
1368 519 1532 573 lucido
1572 518 1792 571 distantia
1823 558 1837 585 ‚
1885 517 2034 570 veluti
2076 523 2123 573 in
2153 542 2181 578 e

430 625 704 681 appareant
731 653 744 678 ‚
799 609 911 680 quia
964 609 1015 660 in
1070 607 1302 679 propiori
1355 603 1578 657 distantia
1629 601 1785 655 veluti
1837 601 1887 653 in
1937 619 1965 655 c
2016 614 2185 656 motus

428 695 615 748 retinae
658 692 832 746 fortior
872 693 940 747 est
965 735 978 762 ‚
1023 709 1171 761 quam
1214 691 1299 744 iste
1327 733 1341 758 ,
1385 705 1536 759 quem
1580 688 1752 741 lumen
1795 684 1958 738 stellae
1995 686 2187 758 retinae

420 774 724 849 'imprimere
768 780 917 831 valet.
1016 775 1139 828 Inde
1193 774 1538 844 phaenomena
1564 815 1578 840 ,
1631 787 1751 843 quae
1804 769 1866 822 de
1907 770 2185 825 emersione

425 863 632 932 duplicis
673 863 832 914 stellae
877 859 900 912 Θ
941 861 992 910 in
1035 859 1234 910 transitu
1276 857 1414 909 lunae
1456 872 1543 928 per
1584 855 1779 925 Hyades
1819 855 1868 907 d.
1900 871 1954 907 2.
1989 852 2176 908 Ianuar.

432 955 608 1010 1738.
651 944 858 1012 notaui,
900 943 1038 995 facile
1080 941 1423 1011 intelliguntur.

584 1027 637 1084 Si
679 1028 853 1081 lumen
899 1026 1061 1079 stellae
1102 1024 1135 1079 S
1181 1027 1247 1078 ita
1317 1034 1668 1094 comparatum
1735 1023 1793 1077 fit
1820 1065 1834 1091 ‚
1881 1022 2181 1078 vtfisolum

428 1126 575 1186 agat,
622 1125 822 1166 motum
864 1112 1051 1164 retinae
1096 1109 1359 1163 conciliare
1405 1100 1931 1179 vztleat„q11i·maior
1974 1108 2185 1177 fit'quo·

425 1201 506 1252 'vis
550 1210 694 1252 motu
736 1197 787 1248 in
831 1196 889 1260 k,
943 1194 1012 1263 h,
1045 1193 1109 1268 f,
1157 1194 1194 1246 d
1233 1206 1328 1245 etc.
1373 1210 1402 1244 a
1446 1191 1634 1245 lumine
1687 1192 1830 1244 lunae
1886 1190 2181 1263 productor,

428 1281 745 1337 manifestum
790 1279 896 1347 est,
942 1278 1136 1331 stellam
1183 1274 1470 1330 transeundo
1510 1276 1577 1343 lc,
1623 1273 1699 1344 h,
1731 1276 1809 1349 f,
1854 1277 1893 1330 d
1944 1277 2183 1329 continua

426 1367 638 1436 quidem
682 1365 995 1417 decrementa
1040 1362 1145 1413 suae
1185 1359 1301 1412 lucis
1355 1359 1498 1429 pati,
1556 1357 1797 1427 disparere
1849 1372 2018 1412 tamen
2074 1375 2180 1412 non

422 1450 564 1521 poffe
606 1457 872 1512 antequam
917 1443 1104 1492 discum
1149 1441 1310 1508 ipsum
1356 1442 1488 1491 amb
1532 1439 1711 1492 lubeat.
1797 1439 1949 1494 Stella
2004 1444 2181 1511 igitur,

433 1529 636 1600 quando
680 1524 906 1597 peruenit
947 1524 1006 1576 ad
1053 1522 1111 1589 d,
1158 1533 1360 1590 tangere
1403 1519 1651 1572 videbitur
1692 1520 1907 1572 limbum
1934 1524 2074 1574 lunae
2095 1526 2186 1577 fal-

424 1613 534 1668 sum
579 1610 725 1679 end,
769 1611 820 1663 in
863 1596 1066 1662 transitu
1109 1621 1232 1658 vero
1275 1620 1363 1675 per
1405 1601 1669 1673 spatiolum
1712 1602 1789 1656 db
1814 1601 1946 1655 stella
1970 1603 2022 1654 in
2044 1604 2182 1655 disco

427 1696 566 1752 lunae
610 1694 864 1768 persistere
908 1691 1156 1746 videbitur
1181 1733 1196 1760 ‚
1258 1689 1421 1741 donec
1475 1685 1719 1740 subeundo
1785 1685 1974 1739 discum
2039 1684 2188 1738 lunae

426 1783 622 1855 penitus
665 1780 719 1832 in
763 1778 822 1845 b,
870 1775 1126 1848 dispareat.
1210 1770 1414 1827 Scilicet
1458 1787 1547 1843 per
1590 1770 1723 1842 hyp:
1770 1769 1943 1824 fortior
1975 1768 2045 1823 est
2064 1785 2189 1823 mo·

426 1877 504 1918 tus
545 1882 574 1920 a
617 1863 807 1917 lumine
852 1861 1014 1915 stellae
1061 1858 1328 1931 productus
1396 1867 1542 1910 motu
1604 1856 1793 1910 retinae
1834 1856 1888 1909 in
1933 1853 2022 1908 bd
2059 1869 2087 1908 a
2110 1853 2202 1908 lu-‘

426 1948 571 2004 mine
611 1946 750 2003 lunae
789 1946 1000 2015 effect0,
1044 1945 1177 1998 vnde
1220 1942 1432 1995 excessus
1488 1940 1619 1994 istius
1676 1939 1816 2012 super
1870 1936 1971 1992 hoc
2038 1938 2180 1992 datur

423 2035 684 2105 pofitiuUS.
768 2030 830 2084 In
872 2030 970 2084 hoc
1011 2046 1134 2101 ergo
1178 2026 1285 2081 casu
1330 2027 1497 2081 lumen
1539 2023 1709 2079 falsum
1735 2068 1749 2093 ,
1802 2023 1938 2094 quod
1992 2021 2180 2075 discum

423 2116 573 2170 lunae
599 2117 825 2186 producit
850 2115 898 2167 in
923 2133 945 2169 c
962 2115 1067 2183 nd,
1093 2131 1161 2166 ex
1186 2110 1451 2183 praesentia
1475 2109 1636 2161 stellae
1651 2109 1944 2177 distinguere
1956 2104 2183 2158 valemus

424 2217 456 2254 a
481 2202 643 2254 limbo
676 2200 823 2253 lunae
847 2216 975 2252 vero
1011 2199 1164 2252 amb.
1235 2194 1645 2247 Phaenomenum
1678 2191 1776 2243 hoc
1800 2189 2008 2242 obuium
2035 2187 2180 2241 estin

426 2285 842 2338 occultationibus
897 2282 1112 2335 fixarum
1169 2279 1363 2349 primae
1418 2275 1718 2345 magnitudis
1772 2292 1799 2327 a
1841 2272 1951 2326 luna
1976 2314 1989 2340 ‚
2033 2285 2083 2325 et
2126 2272 2183 2324 in

428 2368 668 2442 praesenti
712 2384 909 2437 quoque
955 2363 1292 2419 obseruatione
1319 2359 1366 2412 se
1392 2359 1797 2430 conspiciendum
1845 2356 2082 2428 praebuit.
2134 2385 2158 2391 ··

583 2450 861 2506 Palilicium
907 2451 957 2502 in
1002 2447 1184 2502 accessu
1227 2446 1287 2498 ad
1334 2443 1503 2496 lunam
1561 2460 1650 2515 per
1693 2443 1868 2495 tubum
1940 2454 2032 2505 15.
2087 2455 2180 2510 pe-

427 2537 554 2592 dum
599 2537 769 2607 primo
811 2547 1012 2604 tangere
1054 2533 1157 2586 vidi
1201 2529 1416 2582 limbum
1460 2527 1599 2581 lunae
1643 2526 1813 2581 falsum
1858 2526 1978 2580 end
2015 2525 2067 2578 in
2109 2523 2173 2594 d;

430 2622 661 2691 deinceps
703 2635 829 2673 vero
874 2618 1147 2673 Palilicium
1193 2616 1321 2667 intra
1367 2611 1576 2682 spatium
1622 2613 1703 2666 db
1746 2611 1790 2663 se
1834 2611 2024 2680 recepit
2053 2649 2068 2674 ,
2123 2618 2177 2657 et

433 2703 727 2758 transeundo
794 2703 896 2757 hoc
961 2701 1176 2773 spatium
1225 2713 1279 2762 Ι*Ξ
1346 2696 1553 2750 secunda
1620 2695 1862 2766 temporis
1927 2689 2180 2755 insumsst,

430 2801 695 2858 antequam
739 2789 799 2842 ad
855 2787 1072 2840 limbum
1143 2800 1323 2837 verum
1365 2782 1498 2835 amb
1539 2781 1590 2833 in
1634 2781 1664 2834 b
1707 2779 1981 2846 dispareret.
2094 2769 2176 2824 Sic

433 2869 709 2929 Palilicium
765 2873 816 2930 in
882 2871 1015 2928 disco
1070 2869 1215 2924 lunae
1255 2868 1318 2923 ad
1370 2866 1402 2920 b
1438 2866 1478 2920 d
1538 2863 1765 2936 apparuit
1837 2871 1886 2912 et
1942 2855 2205 2949 disculum,

507 2977 510 2979 Δ
1975 2952 2178 3013 optime
