2378 3564
237 236 555 302 DISSER'I!
598 234 710 296 DE
740 229 1140 295 ‘MACHINIS
1183 229 1680 301 SIMPLICIBVS‘.
1787 243 1908 308 283

62 427 64 429 -
144 389 408 463 mentali,
452 401 503 447 et
543 389 634 446 EF
676 389 737 446 ad
762 389 887 445 hanc
930 388 1347 462 perpendicularis
1371 435 1388 463 ‚
1457 403 1518 448 vt
1563 388 1905 450 directionem

142 479 301 551 grauis
345 476 631 532 naturaliter
672 477 886 531 cadentis
909 477 1185 545 exprimat.
1231 479 1464 550 Apparet
1510 481 1660 551 igitur
1697 497 1763 534 ex
1808 479 1906 534 hac

142 564 478 635 applicatione
527 564 675 616 trium
704 560 1048 632 potentiarum
1096 561 1217 614 oriri
1259 562 1551 618 machinam
1577 565 1861 634 simplicem
1890 606 1905 634 ,

141 664 263 721 quae
307 646 511 705 Planum
534 646 812 705 inclinatum
836 643 1086 699 ordinarie
1110 656 1321 700 vocatur
1344 687 1359 715 ‚
1386 646 1518 700 vnde
1542 646 1686 701 fimul
1722 661 1862 719 patet
1886 692 1904 719 ‚

138 734 345 807 planum
399 735 498 788 hoc
554 733 849 789 inclinatum
889 731 1095 803 optimo
1139 728 1247 785 iure
1289 729 1539 786 machinis
1598 731 1906 805 simplicibus

137 820 462 874 adnumerari.
509 817 783 891 Euergiam
824 833 949 872 vero
991 814 1127 870 suam
1175 816 1357 889 accipit
1424 817 1488 872 ab
1539 816 1865 890 absorptione
1889 860 1907 889 ,

137 905 260 960 dum
319 922 431 977 pars
471 904 632 976 aliqua
682 903 919 977 ponderis
983 900 1234 972 absoluti,
1289 917 1481 975 nempe
1537 902 1587 958 E
1622 898 1676 958 G
1703 946 1718 975 ‚
1773 902 1901 960 intra

133 990 340 1062 planum
397 989 680 1045 absorbetur
721 990 784 1044 ab
828 990 930 1042 eius
975 987 1238 1042 firmitate.

291 1077 335 1140 ξ.
373 1091 464 1139 13.
511 1073 645 1129 Cum
683 1074 949 1130 machinae
995 1073 1242 1144 simplices
1282 1073 1513 1128 maxime
1557 1075 1620 1128 ad
1664 1073 1901 1133 eleuanda

133 1175 287 1214 onera
332 1161 557 1232 ingentia
602 1161 654 1212 in
700 1159 843 1210 vsum
890 1170 1174 1209 vocentur:
1226 1156 1326 1209 fine
1368 1155 1526 1210 dubio
1569 1160 1737 1229 prima
1781 1177 1903 1231 pra-

130 1244 208 1298 xis
264 1260 381 1299 cum
435 1246 587 1317 plano
639 1241 880 1295 inclinato
935 1238 1151 1293 instituta
1205 1239 1417 1310 docuit,
1488 1240 1902 1314 hypothenusam

126 1329 232 1384 eius
274 1330 647 1401 longitudinem
690 1325 844 1380 talem
887 1325 1165 1397 requirere,
1208 1340 1333 1398 quae
1372 1325 1455 1380 vel
1501 1325 1767 1382 difficulter
1818 1326 1903 1386 vel

122 1413 277 1487 plane
322 1430 422 1468 non
468 1413 575 1468 dari
620 1410 770 1485 poffit
795 1454 811 1482 ,
858 1410 895 1466 fi
939 1427 1062 1465 onus
1104 1412 1168 1466 ad
1215 1412 1532 1466 mediocrem
1577 1413 1901 1470 altitudinem

119 1499 179 1556 fit
222 1499 545 1555 eleuandum.
648 1497 783 1550 Huic
839 1495 1178 1549 incommodo
1234 1494 1488 1550 medelam
1541 1496 1704 1551 attulit
1757 1498 1900 1571 inge-

119 1586 263 1639 nium
306 1585 681 1654 primaeuorum
713 1620 729 1650 ,
772 1580 893 1635 dum
941 1578 1041 1632 tale
1082 1579 1288 1652 planum
1336 1581 1565 1650 cylindro
1617 1583 1898 1638 circumuo-

120 1668 282 1724 lutum
331 1667 589 1739 imaginati
643 1665 754 1720 sunt
780 1708 794 1733 ‚
853 1681 919 1719 ex
971 1681 1073 1736 quo
1131 1666 1340 1738 planum
1396 1667 1695 1722 inclinatum
1750 1668 1891 1723 idem

119 1752 272 1808 aliam
296 1751 534 1827 ‘formam
579 1752 803 1823 accipit,
860 1762 910 1804 et
954 1748 1175 1806 Cochlea
1232 1763 1489 1824 vocatur,
1548 1754 1692 1808 idem
1748 1756 1891 1809 enim

116 1839 366 1910 praestant
409 1836 516 1892 sulci
560 1837 760 1910 spitales
785 1877 800 1905 ,
846 1835 1021 1908 quibus
1064 1836 1303 1893 cochleae
1348 1839 1625 1894 ordinariae
1679 1855 1892 1895 exaran-

114 1934 196 1976 tur
226 1966 239 1993 ‚
284 1925 418 1994 quod
464 1923 691 1978 efficeret
736 1923 941 1994 planum
988 1922 1286 1979 inclinatum
1333 1924 1562 1994 cylindro
1604 1923 1891 1981 circumuo-

114 2006 306 2076 lutum³‚
332 2006 407 2061 led
435 2007 547 2061 illud
572 2008 843 2061 commodi
868 2008 1119 2062 lucramur
1141 2010 1192 2062 in
1215 2010 1425 2065 cochlea
1449 2054 1462 2080 ,
1488 2012 1618 2083 quod
1644 2025 1695 2065 et
1719 2014 1890 2067 multo

114 2093 280 2148 minus
304 2089 519 2163 spatium
543 2104 786 2162 occupet,
811 2104 861 2144 et
888 2090 1072 2146 facilius
1096 2097 1259 2165 parari
1293 2095 1460 2168 possit.
1535 2094 1670 2151 Cum
1715 2098 1885 2169 itaque

113 2173 338 2232 Cochlea
375 2178 558 2231 nitatur
580 2177 762 2232 eodem
789 2177 1119 2232 fundamento
1154 2196 1255 2251 quo
1299 2181 1506 2253 planum
1558 2181 1849 2247 inclinatum
1872 2227 1888 2254 ,

113 2273 166 2317 et
189 2277 256 2314 ex
281 2261 324 2325 ξ.
359 2277 429 2311 12
459 2262 596 2316 facile
623 2261 949 2334 intelligatur*²
979 2263 1152 2319 Vestis
1179 2278 1228 2318 et
1252 2266 1387 2338 plani
1423 2267 1643 2322 inclinati
1683 2282 1888 2325 naturas

117 2347 266 2399 nimis
289 2345 382 2398 effe
406 2347 606 2401 diuersas
621 2365 801 2419 ‚quam
827 2361 883 2400 vt
908 2365 1064 2402 vnam
1088 2367 1154 2402 ex
1183 2352 1331 2406 altera
1355 2354 1575 2408 deriuare
1601 2354 1773 2409 liceat:
1790 2373 1881 2427 pa-

115 2442 188 2484 tet
212 2430 348 2484 redie
373 2429 600 2485 assertum
630 2431 724 2485 effe
748 2450 775 2486 a
800 2429 1076 2501 Dechalffl,
1106 2437 1281 2490 mundi
1320 2436 1578 2493 Mathem.
1632 2438 1878 2494 Mechan.

109 2513 196 2569 lib.
234 2532 283 2568 1.
333 2534 380 2588 p.
414 2530 561 2585 397,
588 2512 872 2571 Cochleam
914 2519 977 2573 ad
1024 2519 1241 2574 Vectem
1287 2525 1507 2578 reuocari
1549 2540 1656 2577 non
1697 2525 1853 2596 poste.

268 2602 314 2667 ξ.
351 2619 439 2669 14.
499 2601 552 2656 Si
593 2603 788 2657 casuum
843 2618 1247 2659 enumeratorum
1294 2608 1566 2686 contingat*
1605 2607 1838 2666 secundus
1862 2655 1880 2682 ‚

114 2697 174 2741 vt
212 2704 405 2759 nempe
447 2686 571 2743 duae
615 2690 873 2761 potentiae
923 2702 1134 2761 vrgeaut
1189 2707 1348 2746 vnum
1408 2693 1530 2748 latus
1561 2735 1575 2762 ,
1633 2707 1683 2748 et
1731 2700 1876 2753 tertia

112 2771 212 2827 sola
256 2773 507 2829 alterum:
565 2777 751 2846 poterit
807 2777 1015 2830 duarum
1071 2776 1121 2829 in
1174 2794 1336 2831 vnum
1394 2777 1515 2833 latus
1567 2779 1875 2841 directarum

109 2856 247 2916 adiio
287 2859 536 2934 componi
578 2860 635 2921 iu
668 2877 825 2922 vnam
871 2859 1030 2914 solam
1077 2864 1362 2933 potentiam
1391 2907 1408 2937 ,
1462 2876 1522 2938 vt
1563 2865 1633 2924 ita
1676 2870 1871 2926 vnicui-

888 2943 945 3005 N
973 2961 1007 3003 n
1057 2961 1090 3000 2
1769 2973 1871 3027 que
