2378 3564
371 293 487 359 366
658 276 1148 339 OCCVLTATIO
1192 275 1555 335 PALILICII
1600 276 1652 335 A
1700 275 1934 341 LVNA;

369 454 460 513 pet·
504 434 705 504 Hyades
747 434 797 488 d.
895 430 1143 486 Ianuar
1199 439 1377 496 1738.
1420 430 1474 483 st.
1522 446 1575 482 ιι.
1626 429 1854 500 exposui.
1918 430 2120 489 Scilicet

368 524 542 576 tubum
585 448 884 591 quadrantis2
906 517 1150 588 portatilis
1208 517 1329 570 radii
1379 534 1432 571 2.
1480 516 1667 587 pedum
1697 556 1711 579 ,
1758 531 1966 569 memus
2013 511 2124 572 foco

367 620 578 678 quatuor
620 604 704 658 fila
748 605 808 657 ad
854 602 1060 673 angulos
1102 598 1388 657 semirestos
1431 599 1475 653 se
1521 599 1810 654 decuffintit
1857 602 2125 669 extffltbmt,

369 692 439 745 ita
483 689 642 744 versus
686 690 853 743 lunam
901 688 1096 754 direxi,
1143 701 1200 741 vt
1246 687 1388 759 filum
1419 731 1432 757 ‚
1475 686 1605 757 quod
1673 684 1988 739 horizontale
2034 701 2129 738 vo-

370 792 481 831 care
521 774 684 842 solet,
733 773 880 828 fitum
925 770 1299 825 horizontalem
1347 771 1586 826 exatstum
1651 763 2036 839 nanciscereiur,
2079 783 2128 825 et

375 874 428 915 vt
473 847 583 914 tum
627 859 740 912 luna
767 900 781 924 ,
831 870 943 908 tum
995 855 1273 908 Palilicium
1300 898 1314 925 ,
1357 858 1586 909 immoto
1630 855 1938 930 quadrante„
1982 871 2128 909 com-

380 946 534 1000 mode
581 943 672 996 tria
718 940 802 994 fila
850 938 1074 992 traiicere
1120 937 1330 1010 poffent.
1379 940 1574 995 Notaui
1616 942 1850 1011 deinceps
1895 956 2132 1007 momen-

376 1042 426 1083 ta
471 1025 720 1100 temporis
745 1069 759 1094 ,
803 1023 979 1097 quibus
1023 1036 1136 1076 tum
1182 1023 1365 1078 limbus
1410 1025 1550 1078 lunae
1593 1025 1807 1092 luciduS,
1859 1036 1970 1078 tum
2006 1024 2132 1079 Pali-

373 1113 546 1166 licium
594 1111 652 1166 ad
696 1111 789 1163 tria
830 1109 1079 1162 eiusmodi
1125 1107 1210 1161 fila
1235 1151 1250 1179 ,
1295 1126 1604 1181 quaecuuque
1661 1111 1880 1179 suerint,
1933 1108 2135 1181 appule-

377 1210 508 1252 runt.
601 1195 711 1250 Hac
755 1192 1097 1247 obseruatione
1140 1195 1339 1263 peraeta
1385 1194 1699 1270 altitudinem
1728 1238 1744 1266 ,
1823 1212 1976 1267 quam
2022 1210 2136 1266 per·

268 1302 271 1303 ⁷
329 1356 332 1359 Ι
379 1281 706 1355 pendiculum
749 1279 803 1332 in
848 1278 1012 1332 limbo
1071 1279 1348 1348 quadrantis
1393 1281 1630 1347 notabat,
1676 1281 1950 1352 designatus,
2017 1279 2137 1334 Hoc

384 1367 548 1427 modo
592 1382 658 1419 ex
701 1363 976 1436 appulsibus
1025 1361 1168 1414 limbi
1219 1362 1396 1415 lunaris
1442 1375 1494 1414 et
1535 1364 1737 1415 Palilicii
1779 1366 1840 1418 ad
1885 1367 1977 1418 tria
2023 1364 2136 1435 fila,

385 1453 523 1506 iuxta
570 1447 875 1502 methodum
922 1446 1126 1496 citatam
1172 1447 1390 1512 cognoui
1444 1445 1742 1496 differentias
1801 1446 2138 1502 ascensionum

383 1533 637 1589 rec‘tarum
683 1542 732 1582 et
777 1527 1164 1580 declinationum
1211 1526 1367 1577 centri
1413 1525 1557 1577 lunae
1601 1537 1651 1576 et
1693 1525 1898 1578 Palilicii
1923 1569 1937 1593 ,
1992 1544 2141 1596 prout

385 1618 504 1677 istae
546 1617 597 1670 in
641 1612 984 1668 obseruatione
1023 1622 1316 1680 ponuntur,
1361 1625 1451 1662 nec
1498 1624 1603 1662 non
1647 1609 1955 1662 diametrum
2003 1608 2145 1661 lunae

384 1714 751 1776 apparentem,
795 1713 946 1769 qutm
996 1694 1170 1748 habito
1236 1693 1535 1750 diuersarum
1604 1693 1753 1748 lunxe
1821 1692 2148 1747 altitudinum

386 1789 527 1859 super
569 1785 836 1839 horizonte
880 1779 1106 1851 respee'tu
1136 1816 1150 1845 ,
1200 1780 1401 1851 optime
1446 1780 1826 1832 conuenientem
1866 1774 2149 1849 deprehen-

386 1873 442 1932 di
482 1888 603 1926 cum
647 1870 899 1923 diametro
941 1881 1068 1937 quae
1125 1867 1175 1919 iu
1219 1856 1580 1920 culminatione
1624 1864 1765 1918 lunae
1806 1880 1897 1936 per
1935 1861 2153 1917 altitudi-

387 1975 476 2016 nes
520 1955 818 2014 meridianas
875 1952 1127 2021 Vtriusque
1195 1950 1384 2018 limbi,
1455 1947 1709 2019 superioris
1752 1962 1804 2004 et
1867 1949 2105 2002 inferioris
2133 1988 2150 2016 ,

391 2053 529 2102 eruta
571 2041 659 2098 est.
771 2037 1008 2093 Tandem
1053 2051 1118 2088 ex
1162 2036 1290 2090 datis
1365 2047 1636 2088 momento
1702 2033 2060 2088 obseruationis
2102 2044 2154 2086 et

393 2140 631 2197 tempore
671 2121 895 2195 appulsus
939 2120 1085 2174 limbi
1129 2120 1372 2177 inferioris
1413 2119 1559 2172 lunae
1603 2117 1663 2171 ad
1710 2115 1852 2170 filum
1912 2115 2154 2171 horizon-

396 2212 492 2270 tale
522 2250 536 2279 ‚
581 2225 669 2263 nec
714 2224 813 2260 uon
859 2222 924 2259 ex
966 2205 1078 2258 data
1124 2205 1386 2261 altitudine
1412 2245 1426 2271 ,
1484 2202 1545 2255 ad
1595 2219 1743 2276 quam
1815 2202 2053 2274 quadrans
2099 2201 2150 2254 in

397 2294 741 2353 obseruatione
782 2289 1023 2364 repositus
1064 2288 1154 2343 fuit
1179 2332 1194 2357 ,
1251 2289 1460 2342 innotuit
1505 2287 1566 2341 ad
1610 2299 1936 2344 momentum
1992 2284 2154 2340 obser-

398 2380 613 2436 vationis
655 2376 865 2433 altitudo
908 2372 1054 2427 limbi
1121 2372 1363 2428 inferioris
1431 2371 1575 2426 lunae
1641 2370 1783 2444 super
1850 2371 2112 2427 horizonte
2138 2412 2154 2438 ,

403 2477 549 2542 prout
593 2464 645 2519 in
691 2459 1029 2514 obseruatione
1072 2456 1310 2529 adscripta
1364 2457 1452 2513 est'.

557 2548 739 2619 Figura
789 2563 840 2600 1.
888 2543 1103 2598 declarat
1160 2542 1423 2617 positiones
1488 2544 1641 2597 centri
1708 2543 1851 2598 lunae
1893 2544 1955 2598 ad
1999 2541 2162 2597 Palili-

404 2636 544 2694 cium
584 2634 782 2702 eiusque
827 2630 1106 2699 diurnum,
1152 2641 1206 2682 et
1250 2629 1446 2685 numeri
1490 2628 1558 2682 ibi
1600 2628 1829 2699 adscripti
1878 2626 2159 2698 conspirant

402 2712 525 2776 'cum
571 2716 823 2785 numeris,
870 2714 1044 2786 quibus
1088 2714 1218 2769 ordo
1260 2712 1661 2770 obseruationum
1714 2713 1851 2785 supra
1895 2713 2153 2765 indicatur.

410 2804 587 2874 Figura
633 2813 798 2856 autem
846 2799 1239 2855 accommodata
1284 2799 1353 2852 est
1397 2799 1717 2872 apparentiae
1786 2796 1889 2848 tubi
1938 2794 2161 2847 astrono-

410 2888 534 2946 mici
560 2928 575 2957 ,
640 2897 698 2942 vt
775 2899 948 2941 reuera
1013 2879 1155 2957 supra
1220 2883 1452 2939 meridies
1475 2924 1490 2952 ,
1556 2880 1698 2944 iufrav
1747 2879 2015 2955 septentrio
2041 2922 2055 2946 ,
2096 2878 2160 2933 ad

1926 2963 2159 3020 dextram
