2378 3564
164 208 226 270 A
260 200 502 271 MOTV
547 196 766 263 LVCIS
808 193 1262 264 SVC‘CESSIVO
1307 194 1732 266 ORIVNTVR.
1809 207 1926 271 183

152 374 206 416 et
251 361 359 435 Qp
383 376 459 414 z
485 373 593 434 μν.
682 357 982 413 Producatur
1023 357 1141 414 VO
1167 402 1181 430 ‚
1221 357 1385 412 donec
1430 356 1553 432 ΑΩ
1582 355 1712 412 lecet
1752 357 1807 412 in
1852 372 1926 432 q,

149 446 304 518 fitque
349 448 517 518 anguli
561 443 719 520 QOq
743 488 759 514 ,
803 444 889 516 qui
925 443 1308 499 inclinationem
1343 443 1685 501 direstionum
1711 441 1826 499 OV
1861 443 1927 500 ad

145 531 252 586 ΑΕ
273 533 519 604 exprimit
562 529 720 585 versus
763 529 967 600 plagam
997 528 1130 599 ΑΕ,
1173 529 1300 582 finus
1324 545 1397 581 :t
1415 545 1446 582 n
1471 573 1487 598 ,
1533 528 1724 582 cosmus
1757 544 1832 581 :1
1858 546 1886 584 ν
1910 572 1926 600 ‚

148 618 246 671 erit
291 633 405 688 ang.
454 616 595 690 qu
637 616 871 670 finus-
796 657 871 667 „-
905 630 993 669 mv
1020 622 1108 675 ἢν·
1137 629 1250 687 μη.
1348 611 1484 665 Hinc
1540 613 1704 683 itaque
1764 613 1924 668 oritnr

148 711 657 789 mv—l-meO
702 714 901 778 (r)::
926 727 1014 765 m:
1039 710 1139 785 Oq
1186 698 1462 788 (πιζᾎμη).
1553 707 1710 764 Nunc
1763 725 1832 763 ex
1877 708 1930 762 V

149 798 448 853 demittatur
489 800 539 852 in
584 797 719 872 ΑΩ
750 796 1177 869 perpendicularis
1213 797 1358 869 VP,
1413 795 1513 852 erit
1571 796 1641 850 ob
1683 792 1926 868 triangula

149 883 293 958 qu
340 897 391 938 et
432 884 577 958 qVP
619 883 836 939 similia:

214 987 277 1083 mq
298 968 388 1027 O:
419 970 471 1025 O
490 980 625 1044 p*-
553 1015 626 1025 ...
670 985 751 1082 qm
727 968 778 1020 V
1041 966 1148 1023 ,V
1174 966 1213 1021 P

147 1056 780 1149 ωῗμητῑηνῑ-ηιιᾞ
1797 1057 1836 1134 )·

148 1173 301 1230 Vnde
345 1171 510 1243 anguli
555 1169 685 1245 ΩΑ
712 1170 762 1223 V
785 1112 901 1222 uerit
945 1166 1190 1220 [ἰοῦς’-
1115 1209 1190 1218 .-
1233 1149 1385 1236 -Ῐξ-ἷῖ
1411 1155 1449 1180 ⁷⁷²
1407 1151 1619 1237 -ἓμῖξγη
1622 1149 1746 1200 *Q
1785 1167 1927 1224 velfi

148 1259 315 1331 anguli
359 1257 409 1311 V
434 1271 469 1329 q
492 1260 545 1310 A
572 1298 586 1325 ‚
630 1270 781 1326 quem
833 1251 1046 1307 directio
1114 1251 1303 1306 obiesti
1370 1269 1490 1306 cum
1560 1254 1698 1307 radio
1767 1253 1929 1307 vifiuo

146 1353 426 1423 constituit,
459 1352 650 1406 dicatur
674 1350 799 1408 finus
823 1367 897 1404 :z
913 1362 947 1423 q
970 1348 1066 1404 erit
1090 1349 1255 1424 anguli
1279 1347 1395 1426 ΩΑ
1415 1349 1463 1405 V
1490 1349 1616 1405 finus
1640 1338 1922 1421 Ξτηνὲψ-ης.

301 1523 349 1591 §.
379 1528 480 1576 62.
529 1519 800 1576 Consentit
844 1521 930 1575 ista
976 1520 1194 1575 formula
1236 1535 1355 1573 cum
1415 1521 1655 1576 omnibus
1723 1536 1926 1593 praece-

143 1609 379 1666 dentibus
418 1623 599 1679 easqne
644 1618 881 1678 tanquam
943 1605 1071 1661 casus
1129 1604 1358 1679 speciales
1402 1605 1484 1661 sub
1527 1606 1575 1661 se
1620 1607 1925 1679 complecti-

144 1707 242 1750 tur.
330 1692 603 1765 Namquae
658 1693 696 1749 fi
740 1692 817 1747 vti
874 1689 981 1745 casu
1036 1691 1210 1763 primo
1264 1691 1516 1763 spestator
1559 1705 1613 1746 et
1659 1692 1921 1747 obiestum

146 1778 389 1855 quiescant
412 1825 427 1852 ‚
470 1793 581 1834 tum
628 1779 696 1834 ob
739 1795 771 1832 r
819 1789 872 1832 et
913 1794 1076 1832 5:10
1124 1777 1185 1832 fit
1230 1778 1592 1832 aberratio
1519 1822 1593 1833 -„
1619 1794 1677 1831 0.
1748 1780 1919 1874 Atque

144 1869 181 1923 si
223 1866 299 1919 vti
340 1866 392 1920 in
437 1864 544 1920 casu
589 1865 799 1920 secundo
841 1863 1091 1936 spec'tator
1134 1864 1347 1936 quiescat
1390 1864 1650 1919 obiectum
1694 1880 1822 1919 vero
1868 1866 1920 1918 in

143 1950 419 2006 directione
443 1950 557 2006 OV
603 1963 993 2023 promoueatur,
1038 1961 1150 2005 tum
1196 1951 1321 2006 finus
1344 1952 1507 2022 anguli
1551 1950 1732 2026 QAV
1758 1950 1818 2005 fit
1842 1966 1919 2004 :z

140 2037 197 2118 ⁹5⁹
238 2050 510 2105 denotante
554 2067 588 2125 q
632 2051 791 2105 finum
841 2050 1049 2122 anguli,
1114 2066 1270 2121 quem
1332 2049 1492 2102 radius
1561 2048 1744 2102 visiuus
1786 2048 1839 2102 A
1865 2047 1934 2123 Ω

142 2150 263 2188 cum
306 2136 585 2191 directione
628 2148 798 2192 motus
838 2134 1025 2191 obiecti
1093 2134 1366 2189 constituit.
1468 2132 1703 2206 Denique
1747 2133 1782 2188 fi
1826 2133 1916 2188 ob-

145 2218 338 2275 ieE’tum
370 2224 435 2291 in
480 2224 647 2295 quiete
694 2234 916 2297 ponatur
940 2266 955 2292 ‚
1012 2220 1262 2293 spectator
1304 2236 1430 2275 vero
1474 2234 1738 2275 moueatur
1762 2263 1796 2288 ,.
1833 2219 1917 2291 qui

144 2315 249 2358 erat
292 2305 423 2360 casus
465 2310 634 2363 tertius
663 2351 678 2378 ‚
721 2323 835 2363 tum
880 2308 941 2364 fit
983 2308 1060 2362 vti
1105 2307 1393 2362 inuenimus
1438 2306 1563 2363 finus
1586 2306 1752 2378 anguli
1776 2306 1913 2360 aber-

146 2399 346 2454 rationis
389 2401 517 2476 ΩΑ
546 2402 593 2456 V
618 2422 692 2456 :z
732 2397 1198 2475 ss.1ntelligitur
1265 2421 1421 2476 porro
1489 2404 1526 2459 fi
1571 2420 1602 2458 r
1660 2415 1710 2456 et
1752 2420 1777 2458 s
1821 2401 1916 2456 fint

142 2485 293 2539 valde
341 2504 520 2557 paruae
563 2487 786 2560 respestu
829 2489 973 2560 ipfius
1016 2507 1045 2544 c
1069 2532 1083 2558 ‚
1127 2501 1237 2543 tum
1308 2489 1567 2560 angulum?
1593 2489 1726 2541 cuius
1790 2486 1919 2540 sinus

143 2582 215 2635 est
256 2573 425 2650 ”ffss‘ff
470 2585 710 2655 proxime
778 2584 884 2639 fore
959 2583 1216 2656 aequalem
1277 2583 1509 2652 ‘summae
1575 2583 1870 2654 angulorum
1899 2625 1917 2654 ‚

146 2696 360 2749 quorum
407 2679 530 2735 sinus
571 2682 663 2736 smt
707 2674 772 2751 '’—21
796 2694 850 2736 et
892 2671 950 2751 ἓξ
975 2725 989 2751 ,
1033 2697 1099 2734 ex
1141 2697 1242 2753 quo
1268 2682 1602 2737 correctiones
1626 2696 1750 2752 quae
1781 2679 1916 2734 seor·

146 2763 243 2819 fim
284 2783 401 2820 cum
445 2782 514 2819 ex
560 2778 704 2821 motu
749 2767 934 2824 obiecti
976 2779 1086 2822 tum
1130 2784 1197 2823 ex
1241 2781 1390 2824 motu
1425 2766 1717 2843 spectatoris
1749 2766 1915 2820 oriun-

145 2861 226 2907 tur
252 2892 270 2925 ‚
314 2851 612 2929 coniungere
654 2852 783 2910 licet.

1720 2925 1783 3006 ξ.
1813 2944 1914 3004 63,
