2378 3564
226 237 282 296 A
328 231 554 293 MOTV
591 230 809 293 1:ch
848 228 1306 291 chcEssWo
1359 227 1792 332 Οἰῐυηκῖῖνιζ.δ
1867 246 1938 302 17
1951 249 1978 303 ς

219 388 323 440 fere
390 385 607 459 sexagies
672 385 838 441 maior
875 386 946 440 est
971 429 986 455 ,
1029 401 1181 457 quam
1227 398 1344 441 ante
1387 399 1493 441 erat
1534 403 1631 459 pro
1671 398 1816 442 motu
1852 385 1984 442 diur-

219 487 292 525 no
318 515 332 542 ,
389 488 457 525 ex
500 490 597 543 quo
638 472 740 525 iam
784 471 1077 540 intelligitur
1102 515 1115 539 ,
1161 486 1364 525 motum
1412 490 1629 526 annuum
1700 471 1982 527 sensibilem

218 557 556 611 variationem
601 555 1016 611 obseruationibus
1057 555 1291 607 inducere
1334 556 1535 608 debere.

374 642 421 706 §.
451 653 551 708 47,
595 644 774 696 Primo
818 640 1022 710 quidem
1067 637 1171 709 ipse
1216 638 1285 691 sol
1313 680 1327 703 ,
1374 640 1436 691 ad
1483 639 1618 692 cuius
1660 636 1832 692 locum
1869 639 1984 694 reli-

218 741 311 797 qua
355 726 508 781 sidera
549 727 655 781 sunt
700 723 953 778 referenda
982 766 997 792 ,
1042 740 1295 794 nunquam
1346 723 1401 775 in
1447 720 1533 776 suo
1578 738 1700 776 vero
1759 724 1848 778 situ
1892 742 1983 795 ap-

216 811 449 883 parebit,
491 811 569 865 sed
616 811 699 865 sub
743 800 945 882 angulo*
971 821 1118 862 acuto
1162 810 1222 862 ad
1270 821 1566 879 tangentem
1611 809 1736 862 AE.
1809 808 1977 862 Hanc-

144 929 146 932 *
215 895 396 949 obtem
441 897 705 968 longitudo
747 894 861 948 solis
903 893 1154 947 obseruata
1198 896 1438 947 continuo
1481 893 1574 945 erit
1621 894 1774 963 nimis
1797 911 1981 966 parua,

214 991 276 1044 ad
301 1007 508 1061 eamque
551 993 665 1046 addi
709 990 860 1045 debet
898 992 1096 1060 angulus
1152 989 1287 1042 cuius
1329 989 1454 1042 sinus
1498 987 1566 1040 est
1591 978 1630 1056 ζ-
1655 1032 1669 1056 ,
1714 987 1979 1042 secundum

215 1075 470 1147 fignorum
512 1075 724 1143 seriem,
791 1077 875 1144 qui
919 1074 1122 1143 angulus
1188 1073 1362 1141 prodit
1413 1066 1559 1121 ΞΟΠ.
1648 1069 1783 1124 Cum
1829 1074 1980 1142 igitur
2018 1060 2025 1064 ’

213 1160 285 1223 sol
328 1170 533 1230 apparet
577 1159 629 1210 in
677 1157 824 1209 initio
865 1157 1031 1207 arietis
1056 1197 1070 1222 ,
1137 1155 1242 1207 eius
1295 1156 1434 1208 locus
1474 1169 1618 1205 verus
1661 1152 1843 1207 censeri
1890 1158 1980 1209 de-

215 1244 300 1297 bet
343 1261 378 1295 0
405 1241 440 1298 S
469 1286 483 1312 ,
532 1235 619 1310 0⁰,
646 1235 733 1310 os,
765 1233 908 1292 2osf.
993 1237 1166 1309 Atque
1209 1239 1311 1291 hoc
1355 1237 1521 1290 modo
1565 1250 1678 1291 ante
1720 1238 1831 1292 loca
1873 1238 1984 1292 solis

214 1327 463 1381 obseruata
508 1326 691 1399 corrigi
731 1336 935 1396 oportet
960 1368 974 1393 ‚
1017 1336 1285 1394 antequam
1330 1323 1542 1377 siderum
1586 1322 1694 1377 loca
1738 1341 1857 1377 cum
1904 1323 1982 1377 so-

208 1410 265 1465 lis
311 1412 427 1465 loco
465 1423 846 1483 comparentur.
938 1407 1072 1463 Cum
1121 1422 1290 1463 autem
1335 1408 1421 1462 ista
1465 1408 1708 1462 aberratio
1750 1409 1846 1463 loci
1873 1408 1982 1463 solis

209 1497 490 1567 apparentis
514 1514 541 1550 a
567 1496 685 1550 loco
709 1512 837 1548 vero
872 1506 1119 1566 perpetuo
1166 1494 1225 1546 sit
1270 1495 1450 1546 eadem
1480 1538 1494 1559 ‚
1554 1505 1728 1546 motus
1771 1492 1878 1547 solis
1923 1494 1975 1546 in

211 1581 470 1651 eccliptica
497 1597 563 1633 ex
587 1593 716 1633 terra
753 1580 937 1632 eodem
988 1577 1152 1633 modo
1176 1578 1507 1649 conspicietur
1532 1592 1588 1629 ac
1625 1577 1655 1631 si
1682 1578 1804 1632 radii
1829 1579 1879 1630 in
1903 1578 1980 1629 in-

212 1664 354 1717 stanti
380 1665 767 1736 propagarentur
793 1708 807 1735 ‚
855 1680 1018 1736 neque
1043 1662 1162 1717 hinc
1188 1680 1319 1718 noua
1356 1661 1607 1717 anomalia
1654 1664 1820 1717 motui
1867 1660 1981 1716 solis

212 1748 577 1804 admiscebitur.

369 1835 413 1900 §.
443 1845 542 1903 48.
589 1831 817 1907 Cognito
862 1835 1017 1907 igitur
1055 1850 1187 1889 vero
1227 1831 1339 1888 solis
1381 1832 1501 1887 loco
1523 1832 1845 1906 geocentrico
1881 1826 2010 1889 ob-'

209 1916 423 1973 seruetur
467 1939 492 1976 a
538 1921 817 1993 spectatore
859 1921 912 1974 A
957 1920 1099 1982 sidus¹
1123 1920 1175 1975 O
1221 1921 1270 1973 in
1295 1919 1567 1974 directione
1593 1919 1740 1988 oA,
1782 1936 1848 1973 ex
1873 1937 1978 1991 quo

203 2002 258 2055 jn
304 2003 510 2073 planum
569 2007 760 2060 orbitae
814 2018 973 2060 terrae
1027 2007 1103 2059 seu
1155 2005 1445 2076 ecclipticae
1507 2006 1806 2059 demittatur
1861 2021 1977 2075 per-

209 2088 536 2157 pendicularis
577 2091 681 2145 ΟΡ
706 2134 720 2158 ,
767 2102 913 2161 atque
958 2106 1026 2142 ex
1071 2088 1117 2142 B
1171 2091 1221 2143 in
1267 2088 1379 2143 CA
1437 2089 1738 2161 productam
1793 2090 1979 2160 pariter

209 2176 619 2242 perpendiculum
666 2177 777 2252 PQ.
868 2173 1038 2229 Dutsta
1083 2175 1235 2247 igitur
1276 2175 1380 2229 ΑΡ
1404 2218 1418 2244 ‚
1464 2173 1728 2246 praebebit
1771 2175 1977 2245 angulus

209 2253 357 2309 OAP
400 2258 712 2316 latitudinem
761 2260 929 2315 stellae
976 2259 1286 2315 obseruatam
1312 2305 1326 2331 ,
1371 2260 1507 2315 cuius
1550 2260 1674 2314 finus
1717 2259 1773 2313 fit
1799 2278 1870 2312 ’.ἶ
1895 2276 1972 2329 a,

209 2340 400 2394 colinus
425 2361 495 2395 :1
523 2363 574 2397 α.
661 2347 894 2416 Angulus
937 2363 1064 2400 vero
1108 2347 1255 2421 QAP
1298 2347 1440 2400 dabit
1479 2345 1764 2400 distantiam
1810 2345 1975 2398 stellae

209 2439 237 2476 a
284 2425 403 2479 loco
446 2426 531 2480 soli
577 2431 814 2500 opposito
858 2431 908 2483 in
953 2431 1254 2503 eccliptica3
1300 2448 1423 2502 quae
1464 2431 1516 2484 in
1561 2430 1786 2500 gradibus
1828 2428 1979 2482 eccli-

208 2510 370 2579 pticae
419 2510 724 2567 obtinebitur
749 2558 763 2584 ,
821 2513 854 2565 fi
911 2532 939 2566 a
992 2516 1184 2585 punc'to
1239 2516 1326 2568 soli
1380 2517 1618 2585 opposito
1667 2513 1975 2566 subtrahatur

206 2592 473 2664 longitudo
522 2598 686 2652 stellae
729 2597 1024 2670 obseruata3
1084 2600 1142 2653 fit
1195 2601 1346 2669 igitur
1395 2600 1541 2652 huius
1592 2598 1758 2667 anguli
1802 2596 1989 2672 PAQ

205 2677 333 2732 smus
367 2682 496 2735 :b
522 2726 535 2751 ,
590 2685 778 2738 cosmus
816 2701 889 2737 Ξ.-
928 2682 974 2737 ῖὲ.
1077 2680 1213 2737 Cum
1269 2683 1423 2754 igitur
1481 2684 1581 2736 iam
1626 2682 1811 2753 reliqua
1857 2699 1972 2736 ma-
2046 2750 2049 2751 ⁷

206 2778 351 2817 neant
398 2780 454 2821 vt
498 2780 613 2821 ante
658 2770 709 2822 in
756 2782 901 2822 motu
947 2781 1103 2822 terrae
1150 2769 1332 2822 diurno
1356 2814 1370 2837 ,
1427 2784 1572 2821 verus
1629 2767 1790 2821 sideris
1832 2766 1974 2822 locus

206 2849 304 2902 erit
348 2852 401 2906 in
445 2854 720 2910 directione
761 2856 861 2910 Ao
896 2871 910 2928 3
967 2866 1112 2926 atque
1158 2869 1273 2908 vera
1328 2853 1536 2908 latitudo
1577 2851 1838 2908 definietur
1881 2870 1971 2906 an-

1851 2937 1973 3012 gulo
