2378 3564
345 171 957 294 OBSERVATIONES
1002 219 1747 292 METEORoLooicAE.
1834 244 1956 304 247

181 380 472 442 Ianuarium
516 384 711 440 niuium
753 384 889 441 fiiisse
927 383 1298 443 feraciffimum.
1388 388 1550 444 Fluuii
1593 388 1746 461 nostri
1772 385 1957 444 Neuae

182 481 410 529 tumores
451 473 649 543 experti
693 469 853 526 sumus
893 468 1113 526 Ianuarii
1155 492 1194 540 9
1221 518 1237 543 ‚
1291 490 1394 545 quo
1448 476 1533 528 die
1586 476 1742 529 flante
1788 473 1950 530 fortis-

85 573 88 577 ’
179 556 317 615 simo
356 555 821 629 Austro-Zephyro
864 556 1128 611 inundatio
1182 575 1365 628 magna
1411 561 1620 627 extitit,
1662 577 1787 631 quae
1829 576 1955 614 coe·

181 644 260 719 pit
303 643 428 699 hora
473 643 722 699 matutina
766 640 898 695 sexta
927 685 941 710 ,
991 659 1090 709 24.
1146 640 1277 696 Iunii
1327 654 1420 706 15.
1470 641 1757 715 Septembis
1803 662 1861 698 2.

335 730 383 796 §.
420 747 516 784 10.
575 726 818 782 Procellas
872 728 1072 800 experti
1127 726 1294 784 fiimus
1357 727 1526 783 diebus
1592 726 1909 800 sequentibus·
1932 773 1953 802 ,

173 812 387 872 Ianuarii
436 834 489 871 2.
548 810 602 871 8.
651 832 690 882 9
733 830 854 868 cum
899 814 1260 886 inundatione,
1321 827 1416 880 17.
1463 821 1558 872 18.
1618 814 1800 872 Martii
1850 828 1947 884 27,

174 898 307 956 Iunii
359 922 377 955 1
398 916 427 969 ς
478 917 598 957 curn
643 899 827 975 egrefl‘u
868 899 1009 957 fluuii
1034 944 1050 972 ‚
1107 903 1191 952 26
1243 915 1362 955 cum
1418 898 1559 974 graui
1602 902 1950 975 tempestate,

171 983 482 1061 Septembris
527 1003 584 1040 2.
1498 1040 1501 1042 ,
1646 1046 1649 1048 ‚
1821 985 1824 986 ⁷

327 1073 374 1141 §.
410 1090 502 1127 11.
562 1073 778 1147 Reliqua
801 1116 818 1144 ,
873 1089 1000 1146 quae
1050 1071 1224 1127 referri
1275 1070 1376 1126 huc
1417 1068 1608 1127 debent
1630 1113 1647 1143 5
1706 1089 1952 1147 compre«

169 1155 392 1214 hendam
435 1156 768 1229 sequentibus.
859 1158 1114 1209 Februarii
1164 1168 1239 1221 17
1287 1154 1414 1211 hora
1462 1173 1532 1208 11
1580 1175 1640 1230 p.
1670 1175 1747 1212 mi
1805 1158 1945 1216 Halo

116 1275 119 1277 >
167 1243 378 1300 Lunaris
416 1242 692 1299 obseruatus
733 1241 826 1296 fuit
865 1239 1003 1295 breui
1047 1253 1285 1315 tempore
1327 1242 1505 1297 durans
1529 1285 1544 1312 ,
1587 1260 1707 1298 cum
1733 1245 1940 1301 coelum

161 1347 256 1401 per
299 1329 486 1383 multos
537 1339 688 1382 antea
743 1326 848 1382 dies
894 1324 1086 1382 serenus
1111 1370 1127 1398 ‚
1180 1344 1277 1382 nec
1330 1328 1418 1384 nifi
1472 1327 1663 1384 nebulis
1709 1330 1938 1405 quolibet

154 1410 263 1467 sere
317 1429 473 1468 mane
525 1413 718 1470 obortis
774 1411 1031 1468 turbatum
1059 1458 1075 1485 ‚
1140 1413 1356 1469 nubibus
1411 1414 1592 1469 obduci
1637 1415 1886 1490 inciperet
1913 1457 1932 1487 ,

156 1499 366 1554 cadente
407 1497 720 1554 Barometro
743 1537 761 1566 ‚
829 1508 884 1552 et
926 1499 1132 1553 tandem
1175 1499 1334 1554 biduo
1388 1496 1504 1572 post
1545 1499 1764 1556 insecuta
1809 1504 1931 1558 niue

151 1582 380 1656 copiosa,
483 1582 681 1655 Aprilis
726 1595 802 1649 27
847 1581 976 1638 hora
1019 1601 1065 1653 4
1106 1599 1162 1659 p.
1187 1602 1265 1640 m.
1310 1583 1416 1640 visa
1466 1585 1563 1639 fuit
1603 1584 1698 1642 Iris
1736 1588 1929 1659 duplex

154 1669 270 1741 post
309 1667 492 1724 subitas
532 1667 724 1742 pluuias
764 1669 979 1724 cadente
1016 1668 1326 1726 Barometro
1367 1669 1590 1727 obortas.
1687 1670 1932 1730 Octobris

156 1766 269 1825 30,
330 1755 390 1809 in
435 1755 657 1828 perfecia
719 1754 1019 1826 serenitate,
1076 1755 1322 1812 obseruati
1373 1756 1572 1813 fuerunt
1619 1774 1840 1833 vapores
1894 1776 1929 1815 e

150 1840 311 1894 fluuio
349 1840 663 1901 ascendentes
702 1840 771 1896 ita
814 1842 1009 1915 copiosi
1036 1885 1055 1915 ,
1095 1855 1161 1898 vt
1198 1843 1409 1900 nebulae
1446 1843 1596 1900 instar
1635 1859 1790 1919 aquae
1829 1845 1925 1903 soli

143 1916 418 1981 infid'erent
441 1968 458 1998 ,
507 1933 625 1984 toto
677 1929 762 1987 die
810 1928 1076 2000 durantes,
1127 1926 1261 1986 circa:
1304 1929 1579 1987 meridiem
1622 1944 1794 1988 autem
1843 1944 1928 1988 te·

145 2009 350 2065 nuiores
386 2013 653 2087 redditae3
699 2013 837 2085 quod
880 2014 1020 2069 idem
1066 2029 1268 2089 quoque
1309 2014 1492 2072 accidit
1515 2014 1831 2074 Nouembris
1860 2033 1920 2074 1,

145 2095 392 2167 Reliquae
433 2097 648 2154 nebulae
690 2111 878 2153 terram
924 2114 1234 2171 occupantes
1275 2100 1377 2157 hoc
1418 2117 1561 2157 anno
1599 2101 1798 2160 {fierunt
1838 2102 1920 2160 Ia-

135 2181 306 2236 nuarii
356 2199 450 2251 24,
482 2199 582 2249 31,
668 2183 924 2241 Februarii
970 2197 1027 2251 7.
1066 2203 1125 2252 9.
1168 2201 1266 2252 13.
1298 2190 1521 2258 1416.
1556 2202 1652 2258 1¹7,
1733 2190 1917 2246 Martii

142 2280 325 2330 9.12.
359 2284 456 2321 22.
544 2270 732 2344 Aprilis
759 2282 817 2333 3.
843 2288 903 2339 4.
933 2282 993 2337 7.
1024 2286 1119 2326 10.
1146 2286 1241 2328 20.
1328 2270 1459 2330 Iunii
1486 2281 1585 2332 28.
1672 2272 1785 2332 Iulii
1816 2292 1913 2332 11,

147 2363 241 2414 13.
277 2369 370 2419 14.
402 2370 499 2407 21.
589 2356 800 2427 Augusti
854 2371 946 2421 15.
988 2375 1082 2424 17.
1128 2373 1227 2413 21.
1264 2375 1364 2414 22,
1447 2359 1765 2433 Septembris
1813 2377 1912 2416 12.

146 2448 239 2502 15.
275 2455 368 2505 24.
402 2447 494 2492 26.
526 2447 624 2505 27.
690 2439 922 2495 octobris
952 2454 1006 2505 3.
1035 2455 1091 2508 7.
1122 2457 1224 2498 21,
1276 2445 1594 2501 Nouembris
1612 2466 1670 2514 9,
1702 2453 1780 2499 16
1809 2456 1909 2505 18.

134 2518 442 2579 Decembris
465 2542 520 2593 4.
555 2538 610 2592 7.
644 2539 743 2578 22.
828 2523 922 2579 De
966 2529 1134 2582 ventis
1175 2544 1374 2602 quoque
1426 2530 1482 2584 id
1537 2531 1701 2586 adhuc
1743 2534 1905 2588 obser-

134 2609 358 2662 vandum
404 2610 474 2665 est
497 2654 512 2680 ‚
556 2608 780 2667 accidistis
820 2607 968 2667 huius
1005 2615 1121 2667 anni
1165 2615 1249 2669 die
1279 2628 1350 2679 13
1383 2614 1722 2686 Nouembri5‚
1766 2617 1907 2691 quod

130 2691 379 2750 silentibus
419 2697 478 2750 iis
522 2714 616 2768 per
656 2697 974 2770 pluresdies,
1016 2698 1115 2753 hoc
1158 2700 1240 2755 die
1280 2703 1409 2755 circa
1454 2699 1636 2756 horam
1683 2711 1904 2762 8.n.m.

133 2779 364 2851 coeperit
428 2782 609 2854 spirare
654 2777 1162 2857 Austro-Zephyrus
1223 2787 1333 2841 satis
1397 2787 1540 2841 fortis
1564 2831 1579 2859 ,
1623 2793 1905 2848 μι’(ὶῑιῃὶῑεειῖιε

124 2877 259 2922 vero
309 2867 492 2943 aliquid
544 2868 609 2927 de
652 2871 708 2928 vi
761 2870 842 2926 sua
890 2873 1024 2926 circa
1077 2869 1264 2928 horam
1315 2887 1366 2926 1,
1401 2888 1458 2949 p.
1488 2891 1571 2929 m,
1626 2874 1806 2950 pluuiis
1840 2887 1905 2934 et

1698 2966 1907 3028 nimbi:
