2378 3564
301 238 632 306 DISSERT?
679 240 790 300 DE
830 236 1222 307 MACHINIS
1264 236 1756 305 SIMPLICIBVS.
1803 309 1806 312 Α
1855 249 1994 312 287

209 397 319 453 VX
344 441 359 468 ‚
418 410 469 453 et
521 413 688 453 cuneo
745 393 933 450 intruso
978 392 1088 452 AC
1100 393 1148 450 B
1172 441 1187 468 ,
1243 396 1384 451 idem
1430 396 1680 468 praestare
1724 414 1939 454 cuneum
1962 442 1981 472 ,

206 484 340 556 quod
386 483 614 538 efficeret
657 481 832 537 Vestis
873 481 1065 554 duplex
1107 479 1269 536 Aac
1313 495 1365 536 et
1411 478 1590 553 BbC,
1633 485 1786 557 primi
1829 501 1986 558 gene-

203 570 271 625 ris
315 569 521 641 quilibet
545 613 560 641 ‚
606 583 821 642 quorum
866 566 1206 639 hypomoclia
1262 566 1359 619 sint
1414 583 1449 620 a
1493 580 1545 619 et
1592 569 1624 622 b
1651 612 1666 637 ,
1720 570 1852 624 vires
1895 588 1988 644 ap-

205 653 420 727 plicatae
468 656 522 709 in
564 655 619 708 A
664 666 716 708 et
756 649 805 706 B
830 694 845 720 ,
890 667 1046 707 onera
1089 666 1217 705 vero
1260 649 1495 722 vtrinque
1535 651 1591 704 in
1637 649 1729 724 C·‚
1775 654 1893 709 effet
1933 671 2003 711 e·

206 739 319 794 nim
377 739 475 796 hoc
529 739 689 794 modo
735 737 823 793 V:
852 736 1005 793 O:
1031 732 1126 792 Ca
1153 755 1164 791 :
1191 735 1293 792 aA
1319 779 1334 807 ,
1392 735 1530 807 quod
1588 737 1821 793 inuentae
1866 757 1991 812 pro·

206 826 437 898 portioni
492 834 756 898 repugnat.
872 822 1058 896 Neque
1098 823 1280 876 retiam
1349 837 1534 901 veru-m
1592 824 1757 895 attigit
1810 821 1992 882 Guido

207 909 429 965 Vbaldus
454 955 469 982 ,
524 913 606 984 qui
661 911 828 966 statuit
883 908 1042 964 adeffe
1097 908 1218 963 duos
1263 906 1450 962 Vestes
1506 906 1705 963 stcundi
1761 912 1955 982 generis
1977 954 1995 983 ,

207 1014 426 1068 quorum
474 1012 757 1052 commune
802 992 1239 1068 hypomochlium
1283 992 1344 1048 s1t
1387 988 1435 1046 C
1461 1035 1476 1062 ,
1532 993 1666 1048 vires
1710 996 1992 1068 applicatae

208 1080 263 1134 in
308 1082 361 1135 A
407 1095 459 1135 et
502 1079 587 1150 B,
645 1098 799 1135 onera
856 1093 1027 1135 autem
1086 1079 1140 1133 in
1187 1095 1223 1132 a
1269 1089 1320 1130 et
1363 1076 1436 1147 b3
1499 1091 1619 1129 nam
1677 1078 1817 1134 iuxta
1862 1081 1991 1136 haec

206 1163 388 1236 placita
434 1165 552 1220 effet
595 1165 645 1218 V
679 1185 689 1216 z
720 1161 985 1218 OzaC
1013 1157 1167 1214 :AC
1193 1202 1208 1228 ,
1262 1160 1399 1229 quod
1445 1160 1632 1212 iterum
1679 1163 1865 1218 rationi
1910 1167 1992 1219 in·-

205 1262 387 1306 uentae
434 1249 740 1305 contrarium
789 1247 878 1301 est.
980 1241 1082 1301 Sed
1138 1260 1320 1298 cuneus
1360 1243 1433 1298 est
1473 1242 1649 1298 Vectis
1701 1249 1859 1318 primi
1903 1265 1992 1320 ge-v

201 1335 334 1391 neris
378 1337 419 1392 F
431 1335 585 1405 LD,
630 1333 765 1388 cuius
808 1328 1240 1404 hypomochlium
1287 1328 1358 1384 est
1401 1329 1454 1383 in
1502 1330 1684 1385 medio
1711 1375 1725 1402 ,
1769 1345 1821 1386 et
1867 1350 1996 1388 one-

202 1437 255 1475 ra
300 1422 535 1493 vtrinque
591 1419 645 1473 in
691 1416 750 1473 D
798 1429 849 1472 et
896 1418 935 1472 F
981 1416 1088 1470 sunt
1131 1415 1396 1485 applicata.
1497 1413 1588 1469 Est
1634 1429 1802 1471 autem
1849 1417 1993 1474 huius

200 1504 378 1561 Vestis
423 1505 549 1558 haee
595 1516 771 1557 natura
799 1545 813 1570 ,
858 1513 920 1555 vt
944 1544 960 1571 ,
1015 1511 1260 1553 manente
1315 1498 1515 1571 semper
1568 1500 1750 1554 eadem
1794 1505 1991 1559 ratione

200 1591 335 1644 inter
378 1589 509 1642 Vim
556 1597 608 1639 et
655 1585 799 1639 Onus
829 1627 845 1655 ‚
895 1583 1093 1640 brachia
1138 1585 1240 1638 eius
1285 1586 1527 1638 continuo
1573 1584 1699 1639 fiant
1740 1587 1987 1660 longiora,

201 1674 238 1731 fi
284 1689 466 1728 cuneus
508 1670 819 1744 percuffione
879 1671 1199 1742 intrudatur·⁷
1259 1687 1362 1742 quo
1421 1669 1532 1741 ipso
1575 1669 1702 1726 haec
1747 1674 1989 1732 machina

203 1758 423 1832 fimplex
465 1757 763 1833 corporibus
820 1755 1113 1815 diuellendis
1167 1772 1325 1831 quam
1382 1756 1618 1813 maxime
1663 1757 1733 1815 est
1778 1777 1988 1817 accom-

202 1847 431 1911 modata.
1566 1898 1572 1901 A

360 1932 407 1996 ξ.
455 1948 549 1999 19.
621 1933 918 2006 Requireret
973 1949 1103 1988 nunc
1172 1932 1304 1988 ordo
1370 1932 1515 1988 huius
1571 1932 1882 1990 trat‘tationis
1925 1947 1988 1991 vt

197 2015 620 2070 considerarentur
655 2019 813 2072 etiam
855 2031 950 2073 tres
986 2019 1240 2090 potentiae
1267 2018 1434 2091 figuris
1459 2014 1804 2075 Geometricis
1833 2023 1986 2077 multi

197 2097 362 2155 lateris
404 2101 698 2174 applicatae.
789 2100 886 2158 Sed
931 2103 1027 2157 hac
1070 2105 1380 2176 inquisitione
1424 2105 1657 2159 vlteriori
1705 2124 1833 2180 opus
1875 2125 1984 2162 non

204 2185 274 2238 est
301 2227 316 2254 ‚
366 2189 553 2256 partim
598 2189 713 2260 quia
757 2188 1111 2244 machinarum
1156 2206 1261 2243 non
1305 2190 1393 2244 nisi
1437 2191 1744 2262 fimplicium
1792 2195 1986 2266 perfec-

199 2280 311 2322 tam
357 2275 797 2329 enumerationem
847 2276 1099 2329 instituere
1141 2275 1274 2332 mihi
1321 2277 1586 2349 proposui,
1625 2279 1684 2332 ad
1713 2297 1827 2351 quas
1862 2297 1978 2352 pro-

198 2353 317 2408 inde
345 2365 463 2410 ‘non
508 2358 594 2411 nisi
638 2357 795 2430 figura
835 2361 990 2414 etiam
1038 2360 1426 2431 simpliciffima,
1465 2363 1618 2434 qualis
1645 2364 1978 2436 Triangulum

198 2438 271 2492 est
297 2480 312 2508 ,
360 2442 664 2513 requiritur3
723 2445 911 2513 partim
958 2460 1084 2498 vero
1137 2446 1292 2498 etiam
1322 2490 1335 2516 ,
1404 2448 1439 2500 fi
1484 2464 1576 2519 qua
1631 2449 1869 2504 machina
1913 2450 1977 2505 ad

199 2521 451 2594 simplices
494 2528 734 2599 proxime
778 2529 1011 2584 accedens
1065 2533 1145 2583 ex
1179 2530 1336 2602 figura
1390 2533 1736 2603 multilatera,
1785 2547 1837 2587 et
1881 2551 1974 2606 po-

198 2610 468 2664 tentiarum
525 2615 583 2667 ad
644 2629 759 2668 eam
817 2615 1188 2687 applicatione,
1257 2616 1436 2688 sperari
1484 2617 1641 2688 poflet
1667 2660 1683 2686 ,
1728 2635 1785 2672 ea
1828 2632 1984 2676 com-'

199 2696 354 2750 mode
398 2693 576 2751 Cuneo
620 2699 967 2756 accenseretur.
1059 2700 1309 2755 Prodeunt
1352 2703 1517 2775 itaque
1541 2701 1813 2759 Machinae
1850 2705 1972 2761 fim-

194 2777 346 2850 plices
389 2797 492 2835 non
534 2783 618 2837 nisi
663 2784 787 2838 duae
813 2829 827 2853 ‚
878 2785 1034 2841 Veffz‘is
1081 2785 1289 2857 scilicet,
1337 2801 1388 2842 et
1433 2788 1636 2844 Planum
1658 2790 1968 2865 Inclimtmn,

199 2879 267 2916 ex
305 2880 369 2917 eo
400 2866 700 2923 deducuntur
736 2870 1017 2941 Troe-hlea,
1053 2873 1188 2929 Axis
1223 2875 1273 2930 in
1310 2874 1635 2951 peritrochzv,
1660 2888 1710 2931 et
1737 2875 1784 2933 C
1786 2895 1966 2952 πρεπῆ

194 2963 265 3008 ex
284 2948 386 3009 hoc
411 2966 540 3012 vero
562 2954 808 3015 deriuatur
831 2955 1066 3017 Cochlea.
1814 2963 1960 3025 SPE«
