2378 3564
611 255 720 314 DE
767 253 1245 316 HTPERBOREI
1246 255 1290 313 S
1295 301 1306 312 .
1749 273 1780 326 3
1793 275 1823 326 3
1836 277 1865 330 5

258 405 367 485 Post
406 406 534 464 haec
576 426 758 482 magna
802 410 864 486 est
909 405 1259 483 Chasonmfits
1305 412 1362 468 H
1347 409 1506 482 yllica
1536 456 1550 485 ,

258 509 424 567 Vrbes
467 517 626 564 autem
668 511 719 563 in
762 524 826 562 ea
870 508 1034 562 dicant
1081 511 1349 581 quindecim

262 603 434 676 Hyllos
476 603 680 660 incolere
705 647 720 674 ,
765 604 846 676 qui
891 603 958 657 ab
985 603 1150 678 stirpe
1176 605 1284 678 fint
1328 605 1514 661 Graeci
1542 623 1558 677 3

260 701 406 761 Nam
450 699 680 756 Herculis
703 698 873 768 filium
916 697 1116 770 Hyllum
1159 700 1454 757 conditorem
1498 697 1714 775 habuzffi’
1727 747 1742 773 ‚

261 798 525 854 Barbaros
569 806 731 853 autem
775 792 955 872 saetas
996 793 1084 870 cst&
1124 796 1385 868 paullatim

262 898 542 964 Narrant,
587 912 613 949 e
660 895 874 948 moribus
917 895 1199 949 vicinarum
1228 898 1470 968 gentium.

107 1001 379 1072 Apollonii
422 999 611 1058 Rhodii
667 997 945 1054 Scholiasta
993 995 1073 1073 (1)
1127 998 1413 1054 Eustathius
1456 1002 1515 1055 ad
1560 999 1871 1070 Dionysium

104 1101 249 1156 atque
277 1085 562 1157 Stephanus
603 1082 879 1154 Byzantius
923 1085 985 1139 ab
1031 1079 1192 1153 Hyllo
1216 1085 1440 1139 Herculis
1466 1087 1576 1142 filio
1601 1089 1872 1144 deductam

104 1170 242 1225 fuiffe
281 1170 537 1223 coloniam
596 1171 832 1238 produnt.
928 1168 977 1219 Is
1020 1167 1089 1219 est
1144 1168 1371 1233 Herculis
1409 1187 1477 1224 ex
1523 1171 1764 1226 Deianira
1813 1176 1874 1228 fi-

103 1257 194 1311 lius
221 1297 236 1324 .,
283 1268 341 1308 vt
386 1253 724 1326 Apollodorus
768 1251 1017 1322 ceterique
1060 1268 1181 1305 eum
1233 1255 1648 1331 Δ’γενεαλωγἐξω-ι.
1759 1257 1875 1314 Iam

103 1353 212 1395 tota
256 1343 357 1394 vita
400 1342 527 1407 eim,
571 1348 630 1390 vt
673 1338 740 1390 ob
785 1336 1328 1409 resPeloponnefiacas
1371 1343 1434 1395 ab
1478 1359 1544 1396 eo
1567 1342 1725 1414 gestas
1759 1356 1876 1398 nota

101 1426 173 1480 est
197 1471 211 1494 ,
256 1427 318 1479 ab
366 1425 461 1478 hac
504 1422 747 1477 deductae
802 1421 933 1475 fimi-a
998 1423 1231 1475 coloniae
1299 1425 1570 1480 abhorrere
1637 1428 1873 1482 videtur:

86 1512 265 1573 ,nihilo
311 1511 477 1564 minus
519 1507 660 1574 Hylli
704 1507 809 1558 {unt
852 1506 1169 1577 antiquissimi
1214 1508 1273 1562 iis
1315 1510 1365 1563 in
1402 1511 1686 1583 regionibus
1710 1556 1723 1583 ‚
1748 1530 1876 1584 quae

86 1595 383 1650 ¹Thracibus
423 1593 487 1645 ab
531 1589 702 1644 occasu
744 1591 940 1644 vicinae
985 1591 1105 1645 sunt.
1193 1594 1280 1648 Ab
1324 1608 1436 1651 ortu
1460 1611 1511 1650 et
1555 1598 1616 1651 ad
1653 1598 1902 1654 Pontum‘

98 1679 228 1734 nihil
271 1678 438 1732 dicam
482 1676 547 1731 de
593 1675 787 1745 Hylaea
833 1678 1037 1748 regione
1080 1679 1142 1732 ad
1186 1676 1587 1752 Borysthenem,
1632 1686 1877 1754 quoniam

101 1766 152 1820 id
200 1780 395 1819 nomen
443 1762 650 1835 quidem
696 1757 953 1816 Graecum
983 1806 997 1833 ‚
1047 1780 1149 1817 non
1186 1779 1364 1836 *autem
1407 1768 1542 1842 quod
1566 1766 1722 1822 sciam
1748 1813 1763 1840 ,
1798 1771 1874 1825 in·
1916 1792 1921 1794 ⁷

99 1849 233 1904 colas
274 1845 496 1903 Graecos
538 1847 727 1902 habuit.
827 1846 1000 1920 Itaque
1045 1840 1337 1905 Laurentius
1382 1849 1604 1925 Begerus
1648 1851 1728 1928 (2)
1777 1855 1870 1911 fru-

69 1935 192 1990 ..stra
235 1934 280 1987 se
320 1946 521 2006 torquet
564 1935 615 1987 in
656 1949 816 1989 numo
861 1932 1101 2007 inscripto
1148 1937 1393 1992 ΥΛΑΙΥ
1440 1941 1499 2001 (o
1524 1955 1641 1994 ante
1691 1944 1736 1995 Υ
1765 1953 1870 1998 tam

101 2036 314 2091 paruum
362 2019 605 2089 reperitur
650 2021 702 2072 in
747 2021 911 2074 numis
939 2062 953 2086 ,
998 2036 1054 2075 vt
1098 2025 1273 2077 oculos
1316 2023 1565 2079 clariffimi
1610 2028 1874 2099 antiquarii

65 2107 154 2173 „in
200 2104 299 2157 hoc
345 2104 562 2157 nomine
605 2101 742 2159 facile
782 2105 951 2175 fugere
980 2145 983 2150 .
996 2109 1254 2178 potuerit)
1300 2097 1451 2182 atque
1491 2129 1610 2166 eum
1659 2131 1872 2169 numum

69 2204 269 2260 >neque
314 2188 496 2243 referre
538 2188 689 2244 audet
734 2192 794 2245 ad
843 2189 938 2244 hos
982 2191 1249 2263 Hylaeos,
1294 2212 1453 2268 neque
1478 2198 1655 2251 iisdem
1683 2200 1867 2254 adime

104 2292 176 2330 re.
263 2273 414 2328 Nihil
458 2274 488 2327 s
476 2291 568 2328 me
612 2277 673 2330 ad
719 2275 943 2346 Hylaeos
986 2277 1136 2349 illos,
1188 2280 1362 2335 immo
1410 2298 1568 2356 neque
1593 2285 1655 2338 ad
1681 2285 1832 2338 istos
1820 2303 1872 2340 m

106 2358 324 2430 Liguria,
366 2358 456 2432 (est
495 2360 639 2413 enim
683 2378 864 2415 eorum
911 2353 1120 2417 ἐθνικόν
1144 2361 1337 2439 ὑλλνς)
1380 2379 1429 2420 at
1473 2371 1633 2424 velius
1674 2370 1733 2422 ad
1761 2370 1869 2439 Hy

59 2484 66 2492 „
104 2445 240 2501 lacos
294 2445 346 2498 in
389 2442 586 2498 Locris.
698 2441 1015 2517 Stephanus.
1080 2437 1162 2514 ἐ’ςι
1211 2451 1248 2525 ᾗ,
1298 2446 1455 2518 πόλις
1497 2453 1728 2526 Λοκᾶων
1771 2470 1871 2511 των

108 2526 373 2602 Οζολὸῖν,
431 2522 507 2596 ’ἧς
562 2547 627 2586 το
675 2523 886 2587 ἔθνικόν
930 2528 1142 2609 Υλαῖῑος
1207 2535 1299 2590 Id
1347 2536 1499 2608 igitui
1539 2538 1744 2611 Begcro
1786 2555 1871 2595 ac-

103 2617 225 2675 cidit
270 2617 317 2668 in
364 2614 461 2669 hoc
506 2633 695 2687 num0,
738 2618 874 2690 quod
911 2614 1099 2674 Goltio
1131 2633 1184 2674 et
1209 2621 1392 2677 Nonio
1426 2623 1477 2675 in
1503 2641 1661 2678 numo
1687 2624 1872 2681 ΑΓΑ-

106 2696 465 2773 ΘΥΡΣΩΝ,
507 2705 594 2775 qui
637 2721 741 2760 non
782 2703 859 2759 his
899 2705 1152 2777 Scythicis
1195 2707 1526 2781 Agatliyrfi5‚
1571 2710 1650 2766 fed
1694 2710 1873 2769 Siculis

1653 2795 1874 2855 tribuen-

216 2892 719 2946 (1>AdA1·g0nauticorum
751 2892 1070 2950 1.1v.v.515.
1131 2896 1214 2952 (2)
1248 2898 1272 2940 1.
1303 2902 1333 2941 1.
1365 2914 1399 2953 p.
1422 2902 1517 2953 468,
1549 2900 1658 2943 Thes
1679 2877 1871 2946 mand—-
