2378 3564
281 197 804 266 SCHEDIASMA
854 202 963 261 DE
1009 196 1474 265 VENTORVM.
1522 213 1618 264 etc.
1768 190 1909 271 267‘

89 375 174 415 .2.
222 356 519 429 Perersburg
548 398 562 427 ‚
617 370 671 420 3.
719 356 964 423 Moscau,
1006 374 1064 423 4.
1115 354 1314 428 Calan,
1361 371 1416 425 5.
1477 356 1792 430 Astrachan,
1829 360 1889 413 6'.

112 443 412 516 Tobolski,
461 460 519 510 7.
566 441 722 509 Kios,
775 446 826 493 8
876 439 1166 513 Archangel
1194 485 1208 510 ‚
1258 461 1315 509 9.
1361 443 1651 515 Iakutskoi,
1684 462 1776 498 10.
1804 442 1890 501 Se-

112 528 379 610 linginskoi
405 573 420 600 ,
487 546 511 580 1
530 546 584 583 1.
619 525 1063 597 Wergolinskoi,
1109 544 1202 579 12.
1250 527 1588 600 Nouogrod3
1630 543 1781 603 atque
1807 530 1896 587 has

114 606 320 689 quidem
367 628 488 668 eum·
534 615 588 667 in
632 610 834 683 finem,
879 622 941 664 vt
985 611 1163 679 primo
1209 604 1484 682 Zephyrus
1527 627 1579 667 et
1603 615 1763 670 Eurus
1798 615 1895 671 ob-

21 697 24 701 ’
112 698 290 755 seruari
335 700 515 773 poffint
561 698 612 751 in
659 698 810 749 tribus
868 696 1056 749 Terrae
1124 695 1364 768 parallelis
1389 741 1405 769 ,
1476 715 1666 771 perque
1713 700 1900 755 mustus
1937 746 1941 750 .

114 785 430 857 longissimos
453 829 468 855 ,
537 793 728 854 nempe
774 783 825 835 in
883 780 1123 853 parallelo
1167 795 1247 848 50
1296 784 1545 852 graduum
1589 785 1644 839 in
1684 784 1818 840 Kios
1846 795 1899 840 et

115 868 501 944 Selinginskoi.
540 884 643 939 ‘per
683 865 892 940 spatium
922 870 1043 932 617
1095 867 1386 921 milliarium
1415 863 1847 926 Germanicorum
1875 885 1896 944 ;

115 958 171 1011 in
215 956 457 1027 parallelo
506 958 581 1019 58
630 947 877 1027 graduum
921 953 969 1006 in
999 952 1132 1023 Riga
1160 995 1175 1023 ,
1201 951 1497 1025 Petersburg
1522 997 1537 1023 ,
1563 953 1855 1027 Nouogrod
1879 997 1897 1023 ,

115 1039 322 1096 Moscau
359 1081 376 1107 ‚
424 1035 578 1093 Casan
607 1081 621 1106 ,
669 1038 926 1093 Tobolski
954 1080 969 1108 ‚
1014 1036 1430 1107 Wergolenskoi
1455 1082 1471 1106 ,
1539 1055 1633 1110 per
1677 1040 1896 1110 spatium

123 1127 243 1191 673
293 1124 493 1183 milliar.
542 1118 726 1174 Germ.
774 1123 989 1189 denique
1031 1121 1086 1170 in
1142 1118 1384 1188 parallelo
1431 1125 1514 1189 64
1556 1123 1798 1192 graduum
1843 1124 1899 1179 in

117 1208 409 1282 Archangel
456 1218 508 1261 et
553 1201 811 1259 Iakutskoi
836 1241 850 1256 .
899 1217 987 1273 per
1035 1199 1253 1273 spatium
1303 1220 1334 1270 3
1346 1220 1426 1269 90
1475 1205 1677 1260 milliar.
1706 1203 1898 1261 Germ.
1980 1218 1983 1221 ’

116 1292 333 1350 secundo
359 1337 374 1364 ‚
420 1303 480 1345 vt
524 1288 709 1343 Auster
752 1298 804 1341 et
848 1284 1046 1359 Aquilo
1089 1286 1338 1342 obseruari
1393 1302 1575 1362 queant
1617 1307 1708 1364 per
1750 1291 1904 1346 vrbes

117 1378 402 1436 Astrachan
427 1419 440 1446 ,
486 1371 643 1430 Casan
669 1417 685 1445 ,
738 1371 950 1430 Moscau
976 1416 992 1443 ,
1048 1371 1340 1444 Archangel
1364 1419 1381 1445 ‚
1449 1393 1547 1448 per
1585 1377 1904 1434 interuallum

121 1476 238 1531 270
287 1462 489 1518 milliar.
538 1455 724 1514 Germ.
771 1456 898 1512 Sunt
942 1452 1097 1527 ‘igitur
1140 1455 1239 1510 hae
1281 1456 1446 1512 Vrbes
1489 1459 1728 1530 allegatae
1750 1477 1905 1517 com-

121 1548 442 1605 modiffimae
465 1588 481 1616 ,
523 1554 584 1596 vt
624 1540 758 1596 mihi
803 1541 1010 1614 quidem
1055 1541 1259 1596 videtur
1282 1585 1298 1612 ‚
1365 1543 1418 1598 in
1465 1545 1641 1618 quibus
1683 1558 1736 1601 et
1789 1546 1902 1602 Ob⁴

120 1633 392 1689 struatores
429 1628 705 1700 constitui,
747 1638 799 1682 et
842 1625 1180 1684 Instrumenta
1223 1643 1354 1684 mox
1397 1629 1663 1688 indicanda
1705 1630 1902 1704 locari,

125 1725 358 1793 oportet

282 1801 328 1867 §—
357 1819 412 1870 9.
462 1798 524 1855 In
567 1798 784 1875 qualibet
828 1799 1005 1857 deinde
1048 1799 1232 1858 harum
1273 1800 1483 1858 vrbium
1542 1801 1900 1862 obseruationi

128 1887 218 1943 bus
262 1886 569 1943 instituendis
629 1887 1068 1944 accommodanda
1135 1888 1232 1943 erit
1298 1888 1410 1943 talis
1459 1887 1620 1962 aliqua
1673 1891 1858 1946 domus
1882 1932 1901 1961 ‚

112 1963 254 2044 'quae
311 1983 363 2025 et
416 1971 642 2026 altiflima
699 1972 1002 2044 reliquarum
1047 1974 1146 2044 fit,
1201 1986 1253 2028 et
1291 1990 1467 2029 recens
1511 1974 1678 2030 adhuc
1722 1974 1903 2031 aedifi-

120 2067 241 2112 cata
266 2099 281 2128 ,
325 2067 379 2111 et
420 2055 530 2111 satis
568 2055 717 2126 firma
741 2098 756 2123 ,
803 2074 869 2110 ne
911 2071 1074 2113 metus
1116 2060 1276 2114 adefle
1320 2058 1468 2134 poffit
1492 2103 1507 2130 ,
1559 2062 1671 2117 fore
1713 2074 1769 2116 vt
1812 2059 1900 2116 ali-

126 2154 251 2215 quot
292 2159 541 2197 annorum
585 2142 746 2215 spatio
783 2155 1024 2215 corruat,
1070 2144 1158 2199 vel
1200 2145 1330 2200 linea
1374 2145 1681 2219 meridlana,
1706 2146 1902 2202 ibidem

132 2227 362 2281 ducenda
387 2270 402 2297 ,
455 2228 664 2284 sensibili
712 2227 882 2303 aliquo
937 2230 1126 2303 angulo
1167 2243 1443 2305 mutetur3
1491 2248 1618 2307 quae
1659 2244 1712 2289 et
1754 2227 1904 2288 fimul

131 2309 186 2363 in
235 2309 352 2364 loco
395 2312 560 2383 aliquo
604 2315 757 2369 totius
800 2315 936 2371 vrbis
978 2317 1251 2373 editiffimo
1290 2317 1379 2373 fita
1420 2318 1483 2374 fit
1507 2361 1523 2388 ‚
1569 2318 1784 2374 liberum
1808 2316 1902 2371 ho-

134 2395 384 2449 rizontem
430 2396 610 2450 habeat
636 2441 650 2468 ‚
695 2399 766 2452 ita
809 2411 893 2464 vt¹
918 2401 1059 2455 venti
1110 2401 1215 2455 fine
1254 2403 1363 2457 vllo
1415 2403 1796 2476 impedimento
1838 2398 1905 2455 ad

134 2495 253 2533 eam
299 2497 366 2534 ex
413 2483 553 2537 omni
597 2483 744 2554 plaga
786 2483 989 2540 affluere
1032 2484 1220 2559 poffint
1242 2530 1258 2557 ‚
1301 2497 1354 2541 et
1397 2489 1531 2543 cuius
1571 2487 1784 2540 altitudo
1824 2483 1904 2540 su·

136 2581 231 2637 pra
278 2569 577 2635 proximum
646 2568 855 2624 fluuium
923 2570 1111 2626 sciatur.
1224 2572 1397 2647 Quam
1452 2573 1523 2626 ob
1578 2568 1776 2626 caulam
1804 2613 1819 2640 ,
1859 2566 1900 2625 fi

135 2651 380 2722 quaedam
450 2651 632 2706 harum
689 2655 890 2709 vrbium
957 2657 1333 2712 nominatarum
1383 2655 1646 2712 montibus
1699 2654 1906 2711 cinstae

140 2733 274 2806 fint,
321 2737 511 2791 necesse
564 2738 662 2791 erit
715 2739 836 2812 ipsas
892 2742 1129 2796 omittere
1193 2743 1248 2796 in
1293 2742 1393 2797 hoc
1431 2743 1682 2815 negoti0,
1749 2753 1903 2814 atque

140 2820 243 2874 eius
282 2819 401 2877 loco
445 2824 630 2896 eligere
674 2842 863 2897 pagum
907 2826 1122 2897 aliquem
1167 2828 1413 2902 proxime
1455 2827 1608 2885 fitum
1631 2870 1648 2901 ‚
1699 2823 1754 2879 in
1798 2839 1903 2898 quo

902 2907 949 2965 L
974 2909 992 2964 l
1017 2927 1051 2962 2
1712 2908 1905 2974 domus
