2378 3564
456 169 541 266 257
554 200 584 256 s
679 189 1016 255 DISSERT.
1063 153 1176 250 DE
1218 185 1599 253 MAcfflms
1634 188 2132 260 SIMPLICIBVS.
2211 168 2213 170 ’

617 347 662 413 §.
693 359 746 414 7.
797 341 935 401 Cum
978 361 1104 401 vero
1144 345 1431 402 naturaliter
1473 344 1774 418 impossibile
1812 350 1868 402 fit
1894 394 1907 420 ,
1931 365 1992 406 vt
2017 353 2066 406 in
2092 367 2218 425 quo·

451 447 652 504 cunque
694 432 904 509 obiedto
930 477 945 503 ,
999 432 1185 488 duabus
1238 433 1475 504 potentiis
1540 431 1873 502 inaequalibus
1924 439 2220 509 applicatis,

458 518 656 596 maior«.
674 518 933 573 minorem
980 533 1085 571 non
1130 519 1300 572 vincat
1341 530 1395 572 et
1438 518 1603 571 secum
1647 517 1889 588 abripiat,
1934 517 2012 575 sed
2054 525 2221 596 aequi-

454 601 664 660 librium
710 602 943 659 efficiat:
1015 601 1117 658 hoc
1173 616 1347 658 tamen
1403 604 1454 658 in
1510 601 1758 657 machinis
1807 603 2074 674 requiratur
2097 648 2111 674 ‚
2168 619 2223 662 et

456 688 574 743 actu
630 688 736 763 ipso
791 689 947 744 etiam
1005 688 1095 743 fiat
1133 707 1149 761 3
1208 689 1397 743 neceffe
1438 688 1508 744 est
1532 733 1547 760 ,
1590 700 1652 742 vt
1695 688 1879 761 aliquid
1924 686 2096 742 causae
2139 689 2225 745 hic

456 773 600 850 filbsit
627 818 642 844 ,
687 791 774 828 cur
817 776 919 828 hoc
962 771 1072 825 fiat.
1161 771 1421 828 Inuenitur
1458 787 1628 828 autem
1669 774 1797 829 facili
1839 788 1995 845 opera
2036 773 2229 846 duplex

457 857 606 912 huius
648 858 761 926 rei,
806 872 932 928 quae
974 866 1149 909 tamen
1197 856 1345 910 vnice
1386 857 1780 913 admirationem
1838 859 2058 913 nostram
2091 860 2229 915 ‘circa

457 940 724 995 machinas
768 942 960 995 excitat
983 984 998 1011 ,
1037 942 1192 995 caula.
1293 941 1461 997 Prima
1501 944 1570 999 est
1613 943 1885 1019 Destruelio
1938 944 2225 1014 partialium

354 1025 363 1030 ‘
454 1028 774 1099 quarundam
816 1025 1010 1082 virium
1052 1026 1104 1081 in
1147 1029 1389 1098 potentiis
1431 1029 1731 1100 applicatiS,
1778 1046 1896 1083 cum
1921 1026 2105 1084 Statica
2139 1045 2230 1085 nos

453 1111 645 1168 doceat
668 1155 684 1185 ,
738 1112 857 1167 duas
900 1111 1034 1166 vires
1075 1114 1322 1166 contrarie
1366 1115 1591 1169 nitentes
1628 1113 1674 1168 se
1716 1114 1939 1168 inuicem
1986 1115 2116 1188 quasi
2139 1116 2226 1170 de-

386 1190 389 1194 *
458 1196 645 1253 struere
697 1209 749 1252 et
810 1195 1001 1252 tollere.
1103 1195 1280 1250 Altera
1330 1200 1503 1251 vocari
1559 1200 1715 1271 potest
1760 1196 2019 1274 Abstztptio
2045 1243 2060 1272 ,
2105 1217 2227 1256 cum

458 1298 655 1355 nempe
699 1282 1040 1355 potentiarum
1085 1283 1240 1337 trium
1286 1281 1621 1337 adhibitarum
1666 1284 1823 1354 aliqua
1869 1299 1951 1338 aut
1995 1303 2062 1340 ex
2087 1297 2228 1357 tote,

457 1378 549 1422 aut
593 1384 662 1421 ex
706 1379 853 1436 parte
878 1408 893 1433 ,
935 1367 1000 1418 ab
1044 1367 1250 1418 obieeto
1293 1365 1581 1420 firmiffimo
1625 1367 1758 1438 quasi
1802 1366 2091 1424 absorbetur
2113 1412 2129 1439 ‚
2172 1382 2227 1425 et

458 1450 516 1504 in
561 1447 664 1504 hoc
706 1447 873 1502 transit
898 1487 917 1516 ,
958 1447 1028 1499 ita
1072 1459 1246 1501 tamen
1269 1488 1285 1514 ,
1343 1459 1402 1498 vt
1447 1461 1654 1518 propter
1694 1449 1840 1502 huius
1881 1451 2066 1506 obieeti
2109 1452 2227 1506 vim

456 1534 664 1592 inertiae
708 1545 917 1589 motum
961 1532 1013 1586 in
1057 1548 1124 1586 eo
1168 1534 1388 1586 excitare
1431 1530 1647 1584 localem
1693 1548 1799 1584 non
1843 1532 2008 1602 poffit.
2081 1535 2228 1607 Qae

457 1620 592 1677 duae
636 1617 802 1675 causae
830 1661 846 1689 ,
885 1634 1005 1673 cum
1051 1618 1105 1671 in
1150 1616 1353 1672 occulto
1396 1613 1551 1670 adsint
1595 1615 1845 1670 machinis
1868 1658 1883 1686 ‚
1929 1626 1980 1669 et
2020 1616 2231 1673 latenter

460 1716 654 1778 agant,
696 1721 857 1761 omne
902 1702 953 1758 id
998 1702 1305 1758 constituunt
1327 1745 1343 1773 ‚
1398 1703 1530 1774 quod
1581 1702 1872 1774 inexpertos
1916 1702 1969 1755 in
2012 1701 2234 1757 admira-

465 1784 666 1847 tionem
710 1792 858 1864 rapit.
949 1788 1237 1864 Quomodo
1282 1804 1414 1844 vero
1456 1800 1663 1860 Vtraque
1706 1788 1831 1842 haec
1875 1785 2129 1844 causatum
2164 1785 2235 1844 al·

462 1874 744 1950 legatarum
785 1888 901 1948 agat
928 1916 944 1945 ,
991 1875 1260 1930 distinctius
1318 1872 1508 1946 patebit
1551 1890 1620 1927 ex
1661 1872 1991 1947 sequentibus.

621 1965 667 2030 §.
703 1971 754 2021 8.
811 1961 904 2017 His
958 1959 1235 2033 praemiffis
1299 1959 1417 2014 solui
1487 1959 1676 2031 poterit
1723 1959 1919 2030 sequens
1965 1957 2262 2029 problema-

461 2042 715 2106 Staticum
732 2092 747 2118 ‚
793 2049 1011 2104 inuenire
1055 2063 1214 2102 omnes
1254 2043 1516 2100 machinas
1537 2042 1788 2117 fimplices
1823 2042 2081 2116 pqffibiles.
2102 2081 2104 2083 .
2126 2045 2234 2101 Re-

463 2134 675 2205 quiritur
718 2134 856 2188 euim
902 2144 1102 2186 tantum
1132 2172 1147 2200 ‚
1192 2142 1251 2184 vt
1295 2142 1390 2183 tres
1433 2129 1688 2203 potentiae
1732 2126 1823 2182 sefie
1858 2128 2233 2199 aequilibrantes

464 2216 748 2289 applicatae
798 2217 1165 2271 considerentur
1217 2214 1444 2287 primum
1506 2213 1697 2284 puncto
1722 2257 1736 2280 ,
1803 2214 1923 2268 dein
1979 2212 2234 2270 succeffine

464 2302 629 2358 lineae
653 2346 669 2373 ‚
712 2300 989 2373 superficiei
1017 2344 1031 2370 ‚
1076 2313 1127 2355 et
1169 2301 1412 2371 corpori,
1460 2294 1794 2353 Geometrico
1838 2297 2234 2356 sensuintellec-

466 2388 576 2461 εἰη
619 2404 719 2461 quo
759 2386 897 2442 facto
935 2402 1085 2458 opera
1128 2386 1272 2440 detur
1297 2429 1311 2456 ‚
1356 2396 1417 2440 vt
1457 2385 1618 2456 aliqua
1664 2384 1842 2440 harum
1870 2386 2231 2457 potentiarum,

468 2484 556 2528 aut
597 2485 759 2544 partes
801 2473 1050 2545 quaedam
1095 2487 1308 2539 earum,
1371 2472 1422 2525 iu
1480 2469 1714 2527 eiectum
1769 2470 1834 2524 ad
1884 2469 2017 2526 hunc
2071 2470 2226 2524 finem

465 2558 733 2614 obiectum
779 2557 974 2613 occulte
1016 2570 1166 2630 agant
1193 2598 1210 2627 ‚
1268 2556 1353 2611 vel
1408 2573 1501 2628 per
1545 2554 1927 2632 Destruffionem
1951 2599 1965 2625 ,
2021 2553 2097 2606 vel
2140 2563 2229 2622 pet

472 2638 884 2718 Abfhrptionem3
938 2643 1198 2698 habebitur
1252 2642 1353 2697 hoc
1408 2642 1570 2697 modo
1619 2641 1853 2696 machina
1878 2682 1892 2708 ,
1937 2652 2089 2709 quam
2135 2634 2229 2689 ob·

469 2728 659 2783 {ectum
703 2731 766 2784 ad
808 2730 943 2784 hunc
983 2728 1139 2785 finem
1186 2728 1424 2782 selectum
1470 2727 1641 2797 sistet3
1699 2739 1850 2796 eaque
1893 2721 2106 2796 fimplex
2132 2764 2148 2792 ,
2191 2718 2228 2774 fi

465 2813 734 2886 obiectum
779 2814 1012 2873 setectum
1054 2813 1199 2871 fuerit
1241 2814 1452 2869 Vnicum
1492 2821 1706 2866 tantum,¹
1998 2824 2005 2834 ·’

2089 2891 2136 2961 §-
2162 2907 2220 2961 9·
