2378 3564
497 272 607 321 108
647 259 749 317 DE
772 250 1109 317 MOTIBVS
1133 251 1643 313 OSCILLCORP.
1664 254 1990 347 HVMIDO
2003 209 2233 315 INSID.
2258 297 2263 302 -

491 414 653 470 menti
699 426 801 463 non
846 409 941 463 effe
984 406 1273 474 videbitur,
1319 403 1451 477 quod
1518 417 1628 457 tam
1681 410 1977 477 exquifitum
2047 428 2241 468 merea-

485 511 563 552 tur
603 511 835 550 examen.
926 491 1051 548 Non
1095 493 1343 562 inquiram
1388 490 1496 544 heic
1540 501 1868 545 momentum
1911 498 2240 566 problematis

483 580 885 652 istiusspecialiS,
930 591 982 632 at
1027 577 1494 649 arg÷.·1mentum‚in
1538 574 1776 646 ampliori
1803 578 2091 636 extensione
2114 599 2236 638 con-

485 668 750 722 sideratum
777 707 791 732 ,
853 663 983 717 mihi
1039 664 1241 717 videtur·
1288 660 1603 715 vtiliffimum
1662 674 1715 714 et
1782 677 1811 714 a
1854 663 2019 731 paucis
2080 667 2238 723 adhuc

483 751 845 825 pertractatum
874 768 887 818 :-
942 750 1206 820 problema
1263 761 1433 801 autem
1461 790 1475 816 ,
1530 747 1665 823 quod
1709 761 1840 801 nunc
1883 744 2236 822 trastabimUS,

477 849 783 910 argumento
819 835 1035 906 generali
1076 834 1251 888 lumen
1292 831 1526 886 affundet.
1625 838 1631 845 '

1257 953 1304 1020 ξ.
1338 971 1433 1023 14.

605 1049 693 1113 .Si
734 1048 971 1109 habeatur
1010 1046 1220 1120 systema
1278 1066 1557 1123 corporum
1613 1050 1681 1105 ita
1737 1066 2094 1108 connexorum
2124 1097 2138 1123 ,
2184 1067 2244 1113 vt

472 1141 692 1213 cognito
735 1150 885 1193 motu
927 1137 1068 1190 Vnius
1105 1136 1336 1207 corporis
1392 1151 1493 1189 non
1536 1136 1809 1191 innotescat
1854 1137 2019 1192 statim
2070 1130 2241 1196 motus

473 1227 705 1297 corporis
747 1222 937 1277 alterius
964 1265 977 1291 ,
1032 1220 1118 1274 etsi
1161 1218 1456 1274 acceleratio
1499 1221 1712 1275 cuiusuis
1754 1222 1982 1293 corporis
2022 1208 2240 1294 pendeat

471 1321 508 1365 -a
554 1310 643 1364 situ
687 1323 965 1380 corporum
1011 1302 1314 1385 singulorum
1343 1344 1359 1375 ,
1401 1305 1759 1360 determinatio
1804 1319 1977 1361 motus
2019 1307 2239 1382 fingulor-

470 1410 590 1450 ‘rum
635 1408 912 1465 corporum
961 1393 1258 1462 plerumque
1303 1387 1362 1443 fit
1406 1391 1691 1446 admodum
1737 1390 1989 1446 difficilis:
2035 1392 2072 1447 fi
2119 1399 2238 1448 vero

468 1491 642 1533 motus
685 1476 892 1531 minimi
945 1474 1041 1528 smt
1098 1486 1150 1527 et
1193 1475 1438 1543 reciproci
1481 1475 1579 1529 fiue
1622 1474 1903 1531 oscillatorii
1928 1520 1945 1547 ,
1984 1476 2083 1549 legi
2129 1476 2239 1532 sub-

471 1563 707 1617 iiciuntur
761 1555 862 1615 fere
916 1558 1172 1630 generali,
1238 1573 1360 1628 quae
1415 1555 1468 1609 in
1523 1558 1626 1612 hoc
1668 1558 1886 1612 consistit
1910 1602 1926 1629 ‚
1970 1573 2032 1613 vt
2072 1573 2239 1616 motus

472 1642 776 1720 perturbati,
820 1642 1095 1716 inaequales
1136 1637 1355 1696 diuersae
1399 1641 1670 1696 durationis
1709 1643 1915 1701 tendant
1952 1643 2015 1696 ad
2056 1642 2239 1699 statum

474 1731 784 1787 vniformem
813 1773 827 1800 ,
886 1745 987 1801 quo
1042 1724 1230 1800 singula
1286 1743 1502 1798 corpora
1545 1725 1873 1782 oscillationes
1912 1718 2011 1782 suas
2052 1729 2238 1795 eodem

473 1816 745 1889 perficiunt
774 1809 1038 1886 'tempore
1092 1827 1142 1866 et
1187 1811 1496 1867 excursiones
1550 1811 1651 1865 suas
1704 1812 1850 1867 simul
1891 1813 2133 1884 incipiunt
2174 1811 2239 1868 fi-

469 1901 678 1974 mulque
723 1900 920 1957 finiunt.
1022 1896 1081 1953 In
1137 1896 1228 1950 isto
1283 1897 1406 1951 statu
1462 1897 1824 1969 perdurationis
1866 1897 2102 1951 obtinent
2144 1913 2230 1952 ex-

469 1985 714 2042 cursiones
759 1984 973 2057 singulae
1027 1982 1340 2037 constantem
1397 1982 1616 2055 aliquam
1669 1983 1802 2036 inter
1848 1980 1894 2033 ie
1936 1983 2188 2035 rationem
2215 2021 2231 2048 ‚

471 2083 524 2125 et
567 2069 821 2141 distantiae
867 2081 1144 2140 corporum
1196 2082 1226 2118 a
1269 2064 1464 2136 pundto
1517 2065 1785 2135 aequilibrii
1840 2064 2229 2134 proportionem

469 2155 751 2209 constanter
802 2154 1017 2206 eandem
1073 2150 1304 2219 struant,
1357 2149 1452 2204 fine
1496 2147 1821 2203 oscillationes
1864 2149 2081 2202 maiores
2107 2145 2233 2201 fiant

470 2235 570 2296 flue
616 2238 858 2293 minores,
919 2279 927 2281 ἡ

619 2330 713 2388 Ad
737 2329 871 2386 *hunc
895 2329 1098 2402 quidem
1123 2324 1304 2382 statum
1331 2325 1598 2381 durationis
1640 2341 1855 2400 corpora
1901 2326 2012 2397 post
2034 2338 2234 2399 tempus

467 2419 684 2474 demum
729 2415 986 2472 :infinitum
1034 2413 1297 2486 peruenire
1339 2413 1620 2485 deberent3
1665 2425 1716 2464 at
1762 2426 1886 2465 vero
1926 2412 1960 2465 fi
2003 2412 2235 2483 corpori-

468 2504 555 2559 bus
596 2503 759 2557 statim
817 2497 882 2555 ab
940 2496 1083 2553 initio
1140 2498 1246 2552 talis
1300 2495 1586 2551 concilietur
1629 2496 1742 2550 situs
1763 2538 1780 2565 ,
1827 2508 1884 2550 vt
1927 2495 2231 2567 singulorum

466 2589 723 2644 distantiae
768 2603 796 2640 a
839 2584 1030 2657 punsto
1073 2581 1347 2654 aequilibrii
1392 2581 1649 2635 obtineant
1693 2580 1853 2634 modo
1895 2580 2086 2634 dietam
2112 2594 2228 2650 pro-

468 2675 763 2744 portionem
809 2669 1126 2725 constantem
1151 2711 1167 2737 ,
1216 2679 1331 2721 tunc
1379 2682 1560 2720 omnes
1605 2665 1876 2733 systematis
1923 2675 2094 2717 motus
2118 2679 2232 2733 per-

467 2757 713 2812 durabunt
754 2757 803 2808 in
846 2755 1031 2808 eodem
1077 2752 1198 2806 statu
1241 2763 1480 2819 eruntque
1521 2751 1646 2800 inter
1692 2747 1737 2800 ie
1781 2745 2042 2800 iibchroni.
2091 2747 2234 2802 Haec

468 2841 654 2898 melius
697 2838 1031 2912 intelligentur
1056 2879 1071 2906 ,
1120 2836 1161 2892 fi
1204 2834 1486 2890 attendatur
1542 2846 1626 2886 ex.
1676 2847 1754 2904 gr.
1810 2831 1873 2886 ad
1911 2829 2232 2889 oscillationes
2267 2873 2272 2877 .

2135 2924 2225 2982 fin*
