2378 3564
445 258 567 313 294
632 235 1020 299 SPECIMEN
1065 230 1672 296 EMENDATIORIS
1714 233 2123 299 THEORIAE

443 394 638 450 binatos
685 392 845 446 variis
891 392 1048 446 sistere
1091 391 1496 464 proportiones3
1540 388 1771 445 constitui
1815 406 1903 445 me
1928 410 2048 449 cum
2094 407 2211 451 teu·

441 491 548 534 tare
574 523 589 550 ,
634 478 748 551 quid
795 494 861 531 ex
905 480 1126 539 numeris
1168 434 1522 549 simpliciffim’e
1564 474 1897 547 compositu,
1942 490 2085 548 atque
2117 497 2209 536 eo-

441 581 554 621 rum
597 565 665 617 ita
707 564 1006 618 combimtis
1048 562 1336 619 diuisoribus
1376 563 1597 637 primiS‚
1661 561 1713 616 in
1757 558 1978 617 Ordines
2041 563 2210 622 archi-

445 649 700 706 teft‘onicos
744 649 949 703 influere
994 649 1156 722 possit.

603 735 647 800 ξ.
687 745 736 792 8.
785 733 979 807 Sequor
1021 751 1190 788 autem
1237 737 1291 789 in
1335 735 1411 790 his
1452 735 1552 790 fere
1598 731 1905 790 methodum
1948 729 2217 790 Clariffimi

445 819 619 876 Euleri
663 821 852 886 nostri,
921 821 1002 888 qui
1061 820 1113 871 in
1160 818 1385 891 Egregio
1429 819 1600 891 Opere
1628 863 1645 889 ‚
1714 821 1850 891 quod
1922 821 2216 892 nuperrime

445 904 530 958 sub
576 904 755 957 titulo:
802 897 1080 957 Tentamen
1148 919 1304 959 nouae
1370 900 1629 961 Theoriae
1674 905 1745 959 M
1750 907 1907 980 τψοαε
1931 949 1947 975 ,
2017 906 2217 977 publice

445 988 638 1059 prodiit
666 1031 681 1058 ,
729 988 876 1043 sonos
916 1005 1094 1044 omnes
1121 1032 1135 1058 ,
1181 991 1265 1061 qui
1309 990 1362 1044 in
1405 993 1617 1062 cognitis
1679 989 1929 1063 hucusque
1998 985 2215 1046 Generi-

445 1073 535 1129 bus
577 1073 783 1129 Muficis
824 1076 1013 1145 recepti
1057 1075 1252 1129 fuerunt
1281 1118 1295 1144 ,
1341 1092 1409 1129 ex
1453 1075 1665 1131 affiimto
1717 1077 1942 1149 quodam
1999 1091 2218 1131 numero

448 1159 748 1232 composito
773 1202 788 1229 ,
849 1171 897 1212 et
943 1160 1044 1213 eius
1088 1158 1354 1213 factoribus
1419 1161 1725 1231 simplicibus
1751 1204 1765 1230 ,
1831 1161 2217 1233 ingeniofiffime

446 1247 617 1317 eruit3
691 1258 837 1316 atque
892 1260 977 1298 ex.
1022 1262 1096 1316 gr.
1145 1260 1212 1296 ex
1269 1244 1468 1299 numeri
1536 1246 1802 1316 compositi
1873 1238 1932 1314 3²
1960 1291 1974 1318 ‚
2018 1248 2219 1319 eiusque

445 1329 732 1384 diuisoribus
779 1347 803 1381 1
838 1373 853 1398 ,
904 1348 934 1396 3
968 1373 982 1399 ,
1033 1348 1068 1394 9
1099 1370 1113 1394 ‚
1162 1325 1337 1382 Genus
1379 1328 1633 1383 Muficum
1679 1347 1708 1382 a
1752 1330 2011 1384 Mercurio
2053 1349 2218 1404 quon-

446 1415 565 1469 dam
611 1415 874 1465 inuentum
920 1424 971 1462 et
997 1413 1350 1463 Tetrachordo
1371 1414 1657 1480 expressum
1687 1431 1703 1482 ς
1748 1429 1815 1466 ex
1839 1415 2033 1467 numeri
2070 1432 2219 1468 com-

446 1497 600 1574 pofiti
650 1487 711 1560 3ε
739 1540 753 1566 ,
805 1486 860 1561 ς’
892 1536 907 1564 ,
953 1495 1149 1565 eiusque
1195 1492 1484 1547 diuisoribus
1527 1493 2037 1563 simplicibus‘Genus
2060 1496 2215 1553 Muss-

445 1601 568 1641 cum
615 1581 896 1643 Diatouico
922 1575 1315 1634 Chromaticum
1362 1576 1519 1632 hodie
1563 1577 1792 1631 vfitatum
1820 1618 1835 1646 ‚
1881 1578 1945 1630 ad
1983 1579 2218 1635 amuffirn

447 1670 667 1725 deducit.
754 1665 1216 1743 Quemadmodum
1283 1681 1405 1735 ergo
1474 1662 1541 1717 ibi
1612 1678 1846 1717 numerus
1909 1663 2223 1734 compositus

450 1755 690 1810 assumtus
738 1752 1002 1827 Exponens
1045 1750 1255 1806 Generis
1323 1749 1511 1825 Mufici
1554 1764 1620 1802 ex
1663 1765 1730 1802 eo
1776 1747 2059 1819 prodeuntis
2125 1764 2226 1804 vo-

448 1837 627 1896 catur:
673 1840 743 1895 ita
785 1839 867 1895 hic
913 1854 1017 1911 ego
1063 1836 1276 1892 similem
1344 1851 1614 1891 numerum
1684 1832 2028 1905 compositum
2097 1833 2223 1888 affu-

449 1943 597 1984 mam
625 1970 641 1998 ,
684 1943 838 1999 quem
883 1923 1094 1980 Ordinis
1133 1921 1513 1979 arcliitcstouici
1555 1936 1622 1976 ex
1667 1935 1734 1975 eo
1775 1919 1988 1974 deriuati
2055 1919 2225 1975 Cano-

449 2028 560 2069 nem
603 2013 894 2085 appellabo,

612 2100 658 2164 §.
690 2115 746 2164 9.
796 2095 930 2153 Cum
978 2098 1127 2171 igitur
1167 2096 1219 2150 in
1266 2093 1485 2167 qualibet.
1526 2090 1764 2148 columna
1825 2104 2039 2165 quatuor
2103 2108 2223 2165 par-

451 2196 526 2240 tes
570 2183 867 2257 principales
909 2186 1117 2237 veniant
1159 2179 1537 2234 considerandae
1561 2224 1576 2249 ‚
1620 2180 1864 2232 nimirum
1930 2195 1981 2232 1.
2031 2176 2225 2233 Modu-
2314 2223 2316 2225 .

449 2269 526 2325 lus
551 2314 567 2340 ‚
617 2284 669 2320 2.
719 2262 1021 2339 Stylobata3
1065 2281 1119 2330 3.
1169 2261 1422 2319 Columna
1450 2308 1464 2333 ,
1509 2278 1560 2318 et
1604 2285 1661 2332 4.
1709 2264 2022 2318 Trabeatio:
2071 2262 2223 2336 selegi

452 2353 576 2409 tales
615 2370 856 2407 numeros
898 2350 1248 2424 compofitOS,
1295 2350 1378 2421 qui
1430 2350 1603 2420 primo
1645 2348 1739 2403 sint
1803 2349 2037 2403 maxime
2103 2349 2224 2403 sim—

450 2439 610 2514 plices
632 2438 746 2511 quia
770 2439 1124 2511 fimplicitasin
1149 2436 1249 2491 hoc
1277 2435 1487 2506 negotio
1511 2435 1741 2489 maxime
1754 2434 1942 2506 placet,
1966 2445 2019 2487 et
2041 2431 2222 2488 deinde

455 2525 542 2599 qui
587 2541 692 2578 non
731 2525 784 2579 in
823 2526 986 2619 plures
1020 2541 1173 2596 quam
1202 2533 1416 2595 quatuor
1438 2512 1672 2575 diuisores
1695 2519 1880 2592 poffint
1904 2519 2139 2588 discerpi,
2164 2524 2227 2569 vt

451 2627 642 2682 nempe
678 2610 1035 2682 proportiones
1060 2611 1176 2663 inde
1219 2607 1464 2662 eruendae
1488 2623 1556 2660 ex
1579 2623 1685 2661 vno
1709 2607 1877 2677 aliquo
1901 2604 2101 2658 Canone
2131 2601 2223 2654 de

453 2695 673 2750 riuentur
697 2738 714 2764 ‚
756 2708 903 2767 atque
948 2707 1004 2748 vt
1048 2690 1194 2749 simul
1236 2693 1337 2748 hoc
1381 2689 1591 2745 Canone
1629 2690 2024 2763 proportionum
2049 2685 2100 2739 in
2124 2684 2218 2738 ali-

460 2795 557 2849 qua
599 2778 839 2834 columna
882 2779 1280 2834 adhibendarum
1336 2793 1568 2832 numerus
1631 2771 1951 2826 exhauriatur
1977 2811 1992 2838 ,
2063 2784 2220 2842 neque

463 2862 628 2938 aliqua
671 2862 874 2938 superfit
924 2877 1010 2919 aut
1047 2864 1264 2920 deficiat.
1376 2861 1468 2914 Vti
1509 2874 1595 2914 ex.
1636 2872 1713 2929 gr.
1756 2855 1795 2913 fi
1836 2855 2058 2931 capiatur
2127 2870 2219 2908 nu-

2049 2955 2221 2999 merus
