2378 3564
405 273 530 322 100
1028 244 1184 323 3⁵2³:ss
1209 246 1230 329 )
1256 264 1291 306 0
1315 249 1338 331 (
1360 247 1519 323 &⁸53⁰ss

401 483 883 581 MOTIBVS
927 404 1742 569 OSCILRBJ‘QTORHS
1772 489 2166 579 CORPO-

514 605 760 694 RVM
811 604 1257 690 HVMIDO
1317 602 1424 684 IN
1428 601 1737 687 SIDEN
1746 601 2051 690 TIVM.

1132 734 1431 778 Ανετοκε

1021 809 1243 869 Daniele
1293 808 1555 866 Bermuffi.

1214 1001 1264 1064 ς.
1319 1014 1374 1049 ι.

413 1088 932 1276 Communicaui
976 1151 1083 1192 non
1128 1134 1198 1192 ita
1239 1136 1439 1208 pridem
1487 1149 1607 1191 cum
1652 1136 1935 1197 Academia
1971 1139 2194 1199 diffirm-

626 1226 825 1279 tionem
879 1227 943 1279 de
996 1223 1119 1278 statu
1167 1222 1444 1294 aequilibrii
1488 1237 1767 1295 corporum
1814 1224 2034 1282 humido
2084 1228 2197 1286 infi-

411 1314 671 1380 dentium,
719 1327 844 1382 quae
889 1311 1023 1384 prius
1065 1308 1142 1363 est
1181 1308 1488 1382 perlegenda
1534 1325 1690 1380 quam
1735 1308 2000 1381 praestatis
2042 1327 2195 1384 argu-

413 1399 580 1456 menti
620 1396 898 1466 disquisitio
939 1395 1259 1467 suscipiatur:
1325 1394 1430 1450 sunt
1484 1395 1625 1448 enim
1672 1396 1856 1467 prioris
1897 1397 2194 1454 dissertatio·

414 1484 493 1537 nis
536 1480 906 1552 propositiones
948 1480 1050 1532 fere
1096 1479 1319 1532 totidem
1367 1480 1611 1532 lemmata
1668 1479 1806 1535 hisce
1844 1479 2194 1552 disqmfitioni-

414 1565 531 1635 bm,
570 1564 685 1618 alias
730 1580 834 1618 non
879 1580 1056 1636 parurn
1103 1562 1340 1631 nodofi5‚
1367 1560 1566 1615 felicem
1592 1562 1799 1616 exitum
1827 1567 2198 1633 praeparantia:

414 1664 722 1724 quapropter
789 1647 1054 1721 praemissa
1097 1647 1206 1701 -ista
1260 1646 1438 1702 omnia
1476 1688 1494 1715 ‚
1552 1657 1615 1700 vt
1672 1645 1817 1700 huius
1859 1643 2204 1701 dissertationis

417 1749 622 1810 partem
669 1735 884 1790 facientia
933 1733 1228 1790 confiderari
1256 1776 1272 1802 ,
1319 1730 1559 1804 simulque
1607 1743 1707 1786 tres
1750 1729 1935 1802 figuras
1960 1770 1980 1800 ‚
2023 1744 2087 1785 vt
2118 1730 2195 1789 ibi

417 1817 613 1877 suerunt
662 1819 941 1895 explicatae
986 1832 1132 1894 atque
1172 1817 1428 1874 adhibitae
1457 1859 1475 1889 ,
1513 1814 1671 1872 rursus
1707 1816 1938 1872 adhiberi
1981 1815 2163 1874 velim.

1226 1950 1280 2018 §.
1326 1975 1381 2015 2.

574 2044 830 2102 Ordinem
874 2043 958 2101 hic
1008 2041 1211 2099 seruabo
1235 2086 1253 2113 ,
1310 2058 1463 2114 quem
1526 2042 1580 2094 in
1633 2039 1800 2112 priori
1854 2035 2195 2092 diffinitione

422 2127 669 2185 adhibui:
726 2132 863 2201 prius
915 2129 1093 2183 scilicet
1149 2130 1214 2182 de
1261 2126 1420 2198 planis
1465 2125 1684 2178 humido
1727 2122 2030 2176 verticaliter
2076 2122 2191 2178 infi-

425 2214 654 2269 dentibus
695 2215 862 2268 dicam
890 2257 904 2282 ‚
948 2214 1124 2267 deinde
1179 2212 1245 2263 de
1290 2210 1591 2281 corporibus
1632 2207 2094 2280 qualibuscunqoe3
2137 2207 2191 2263 in

425 2299 583 2371 priori
627 2311 798 2353 autem
849 2295 957 2352 casu
1008 2297 1342 2351 oscillationes
1383 2295 1493 2348 fieri
1544 2295 1597 2347 in
1639 2291 1752 2364 ipso
1795 2290 1946 2363 plano
1989 2307 2192 2362 propo-

423 2382 533 2439 fito.
573 2383 871 2455 putabimus,
969 2381 1208 2453 Intelligo
1269 2397 1437 2435 autem
1489 2397 1582 2451 per
1639 2378 1961 2431 oscillationes
2018 2388 2192 2432 motus

425 2468 712 2538 reciprocos
735 2511 751 2538 ,
809 2484 934 2540 quos
986 2467 1106 2521 facit
1161 2466 1409 2537 planum,
1462 2465 1562 2519 fine
1604 2478 1786 2534 corpus
1825 2475 1894 2514 ex
1937 2460 2063 2515 statu
2103 2476 2190 2514 ae-

426 2552 640 2624 quilibrii
695 2552 832 2606 firmi
887 2553 1205 2606 deturbatum
1232 2594 1246 2619 ‚
1304 2551 1490 2620 {ibique
1544 2549 1716 2621 postea
1771 2544 2026 2600 relic‘kum.
2112 2542 2187 2605 Hi

428 2651 598 2690 motus
640 2654 703 2691 eo
744 2636 872 2690 fient
913 2637 1270 2706 fiequentiores
1294 2678 1309 2704 ‚
1376 2650 1481 2707 quo
1534 2633 1729 2687 firmius
1780 2630 1967 2683 habent
2017 2627 2184 2698 aequi-

429 2718 630 2773 librium
661 2764 675 2789 ,
739 2739 855 2774 cum
910 2722 1019 2776 sunt
1068 2722 1123 2774 in
1166 2721 1290 2774 statu
1333 2717 1602 2789 aequilibrii
1645 2714 1821 2784 posita.
1921 2708 2050 2764 Sunt
2092 2727 2179 2764 au·

428 2812 536 2854 tem
584 2818 754 2857 motus
793 2806 868 2856 isti
912 2806 1154 2874 reciproci
1179 2802 1388 2872 duplicis
1428 2800 1654 2870 generis:
1679 2797 1763 2848 alii
1788 2793 2184 2867 suntisochroni,

429 2884 516 2940 alii
559 2887 677 2942 tales
717 2904 823 2945 non
859 2886 1002 2943 sunt:
1045 2887 1111 2942 de
1151 2884 1535 2942 osculationibus
1571 2880 1841 2939 isochronis
1859 2878 2183 2956 potiffimum

2039 2976 2191 3040 agere
