2378 3564
311 171 841 251 SCHEDIASMA
875 184 988 246 DE
1027 145 1494 252 VENTORVM.
1538 181 1638 249 eta
1793 200 1917 262 269

260 343 355 408 «ξ.
392 361 486 398 12.
547 340 814 398 Absoluta·
843 339 1083 396 diuisione
1135 341 1414 398 horizontis
1467 343 1519 398 in
1561 342 1766 416 plaga5‚
1825 324 1924 401 *ad-

148 423 434 501 striptisqne
478 445 646 483 earum
693 423 982 480 nominibus
1025 428 1279 481 ordinario
1335 430 1497 483 modo
1522 471 1537 497 ‚
1594 432 1816 501 erigatur
1868 431 1936 500 iq

146 526 350 567 centro
385 514 568 568 harum
625 511 923 566 diuifionum
982 510 1130 579 stylus
1184 510 1366 566 ferreus
1389 555 1404 581 ‚
1449 513 1718 568 altitudinis
1774 514 1924 570 vnius

145 598 286 669 pedis
313 641 331 668 ,
373 593 673 653 verticaliter
718 596 905 668 positus
928 637 943 664 ,
988 605 1042 647 et
1086 596 1138 648 in
1183 595 1327 666 apice
1357 596 1564 667 „cuspide
1606 610 1777 665 acuta,
1818 616 1923 671 po-

116 681 336 754 litaque
362 727 377 753 ,
424 682 680 738 instructus
704 723 719 750 ‚
773 672 856 735 ciii
913 677 1163 734 vexillum
1219 679 1430 752 imponi
1497 678 1645 762 poffit
1697 681 1918 755 sequenti

145 769 311 822 modo
352 768 725 823 elaborandum.
817 765 927 821 Fiat
968 780 1036 818 ex
1080 774 1294 837 quatuor
1339 765 1495 839 virgis
1536 765 1724 838 'ligneis
1749 810 1765 838 ‚
1821 769 1920 824 ari-

142 852 220 905 dis
244 897 259 920 ,
310 867 362 908 et
408 854 564 926 probe
616 844 869 911 exsiccatis
894 895 908 918 ,
961 861 1019 904 vt
1075 848 1366 906 machinula
1420 851 1618 924 pondus
1671 854 1918 926 exiguum

142 935 324 994 habeat
348 982 364 1007 ,
410 938 756 1009 rectangulum
801 933 1008 1015 ABCD
1032 978 1047 1004 ‚
1111 937 1190 990 cui
1235 935 1348 991 dein
1405 952 1476 991 ex
1519 948 1729 1009 Vtraque
1775 953 1914 1011 parte
1930 968 2021 1010 Tab.
2058 965 2134 1011 ,vg
2208 993 2211 1003 ,

139 1020 314 1076 charta
359 1023 712 1095 agglutinanda
753 1023 895 1095 erit3
966 1021 1255 1093 poteritque
1322 1021 1418 1074 effe
1486 1019 1755 1092 longitudo
1796 1021 1914 1087 AB

147 1113 216 1167 12
257 1107 397 1177 pedis
422 1152 436 1178 ‚
476 1109 685 1163 latitudo
728 1106 841 1160 AD
892 1123 917 1156 1
970 1107 1154 1175 pedis;
1214 1103 1331 1156 huic
1374 1104 1664 1174 reitangulo
1705 1107 1915 1179 affigan-

136 1200 218 1243 tur
261 1189 402 1264 supra
459 1205 510 1246 et
556 1189 678 1243 infra
733 1190 835 1242 duo
887 1185 1086 1241 brachia
1141 1184 1446 1241 orichalcina
1503 1184 1630 1261 BE
1667 1201 1720 1243 et
1763 1188 1915 1263 CG,

134 1289 352 1345 quorum
408 1277 526 1330 illud
584 1271 689 1327 BE
742 1274 794 1326 in
838 1289 991 1344 parua
1042 1271 1272 1326 distantia
1326 1287 1355 1325 a
1399 1269 1448 1326 B
1472 1316 1488 1343 ,
1544 1284 1599 1326 et
1640 1273 1692 1327 in
1737 1278 1914 1331 medio

131 1356 198 1414 sui
224 1404 240 1430 ‚
284 1371 450 1413 teneat
482 1357 795 1431 capitellum
855 1358 896 1413 F
922 1402 938 1429 ‚
992 1357 1137 1430 quale
1179 1356 1371 1434 ¹acubus
1423 1358 1720 1430 magneticis
1762 1361 1914 1419 tribui

128 1442 256 1499 solet
286 1488 299 1513 ‚
356 1462 535 1501 conice
611 1456 912 1497 excauatum
940 1485 956 1511 ‚
1028 1454 1082 1494 et
1136 1437 1336 1512 optime
1390 1443 1611 1514 politum
1636 1486 1651 1511 ‚
1697 1444 1812 1498 imo
1855 1447 1924 1503 inv

47 1543 59 1556 ⁴
129 1528 219 1582 vsu
273 1530 382 1600 ipso
437 1526 766 1598 plumbagine
820 1524 980 1580 adhuc
1035 1525 1370 1580 inducendum
1396 1569 1412 1596 ‚
1469 1539 1528 1580 vt
1571 1528 1634 1605 ad
1681 1530 1904 1586 modum

83 1676 89 1683 ἱ
130 1628 244 1666 acus
298 1614 616 1682 magneticae
670 1611 800 1680 stylo
854 1611 987 1682 prius
1040 1624 1338 1665 memorato
1405 1612 1699 1684 impositum
1746 1631 1905 1685 quam

130 1698 366 1749 maxime
408 1697 633 1750 volubile
681 1696 855 1749 existat
884 1737 899 1768 ‚
957 1694 1168 1751 alterum
1223 1695 1485 1762 brachium
1543 1697 1744 1752 inferius
1788 1695 1903 1754 CG

129 1780 184 1835 in
233 1781 408 1836 medio
449 1781 514 1835 sui
560 1781 740 1836 habeat
783 1781 1024 1835 annulum
1071 1781 1119 1835 H
1148 1824 1164 1852 ‚
1219 1783 1303 1853 qui
1357 1783 1652 1836 interiorem
1697 1783 1903 1855 superfi-

125 1851 262 1920 ciem
291 1908 306 1934 ,
351 1866 443 1920 ,vbi
489 1883 676 1937 nempe
720 1866 902 1935 stylum
950 1868 1086 1939 'prius
1129 1867 1408 1922 indicatum
1455 1868 1769 1923 circumdare
1812 1871 1906 1926 de·

125 1947 212 2000 bet
238 1992 253 2016 ‚
298 1949 481 2003 habeat
528 1952 870 2020 politiffimam
900 1993 914 2018 ,
945 1942 1301 2025 ‘plumbagine
1356 1954 1513 2007 etiam
1572 1955 1624 2024 in
1671 1953 1759 2008 vsu
1802 1955 1898 2010 illi-

122 2036 344 2088 nendam
375 2075 391 2102 ‚
440 2036 537 2087 cui*
563 2035 652 2088 fini
696 2036 1049 2107 quoquestyli
1093 2054 1208 2109 pars
1248 2054 1332 2108 ea,
1377 2055 1501 2110 quae
1546 2037 1662 2105 huic
1708 2042 1901 2095 annulo

123 2117 341 2173 inseritur
366 2161 380 2186 ‚
429 2121 535 2190 pari
577 2137 690 2174 cura
739 2120 887 2191 poliri
935 2121 1084 2175 debet
1113 2124 1314 2194 ;,idem
1359 2140 1483 2178 vero
1507 2122 1607 2178 hoc
1634 2124 1900 2180 brachium

125 2197 235 2254 CG
276 2205 590 2258 continuetur
644 2207 695 2259 in
740 2206 867 2260 linea
921 2206 1061 2260 rec’ta
1085 2223 1259 2280 *Vsque
1313 2209 1376 2262 ad
1421 2209 1466 2264 Κ
1499 2250 1515 2278 ,
1577 2222 1637 2263 vt
1682 2209 1813 2264 ΗΚἴ
1838 2212 1901 2265 sit

125 2284 448 2356 longitudinis*
502 2290 698 2344 circiter
759 2308 790 2342 2
840 2292 1028 2363 pedum
1057 2335 1072 2362 ‚
1130 2292 1211 2349 sed
1269 2293 1321 2348 iu
1367 2294 1489 2349 loco
1530 2295 1698 2368 aliquo
1741 2297 1892 2363 inter-

125 2372 300 2423 medio
344 2371 368 2426 I
417 2370 594 2425 habeat
640 2375 836 2445 pondus
879 2375 1184 2447 plumbeum
1229 2377 1447 2446 affixum
1475 2424 1490 2450 ‚
1514 2382 1647 2452 quod
1674 2396 1892 2452 paruum

124 2456 328 2524 quidem
376 2446 509 2527 eritg
566 2457 644 2511 sed
702 2457 889 2513 efficiet
944 2471 1122 2514 tamen
1175 2473 1235 2516 vt
1293 2463 1486 2517 vexillo
1541 2464 1644 2518 hoc
1701 2463 1893 2534 cuspidi

124 2540 262 2609 prius
314 2556 632 2621 memoratae
685 2544 739 2597 in
784 2544 825 2598 F
855 2544 1114 2616 imposito
1138 2589 1153 2615 ‚
1219 2557 1271 2599 et
1329 2547 1456 2615 stylo
1512 2565 1601 2619 per
1644 2549 1900 2604 annulum-

123 2622 174 2676 H
222 2626 490 2680 transeunte
516 2671 531 2698 ,
575 2641 739 2700 partes
783 2627 1097 2684 machinalae
1142 2631 1374 2702 vtrinque
1415 2633 1499 2686 axi
1540 2643 1623 2686 aut
1669 2633 1798 2701 stylo
1845 2633 1890 2689 F

122 2705 174 2760 H
219 2711 493 2765 adiacentes
557 2713 610 2766 in
667 2715 854 2769 exa<stO
918 2715 1011 2769 sint
1073 2715 1406 2789 aequilibriO,
1462 2717 1532 2771 ita
1589 2730 1645 2771 vt
1689 2718 1918 2787 nullum·

118 2791 245 2849 adiit
283 2796 716 2872 impedimentum
747 2843 779 2871 ‚⁷
819 2815 921 2872 quo
978 2802 1148 2856 minus
1198 2803 1352 2858 etiam
1403 2801 1643 2879 leuiffime
1696 2803 1890 2875 spirans

886 2881 938 2939 L
959 2884 977 2938 l
1000 2899 1036 2952 3
1706 2902 1888 2945 ventus

1986 1025 2052 1077 fig.
2084 1037 2148 1074 4.
