2378 3564
500 333 616 393 338
1059 316 1173 375 DE
1214 310 1761 377 HYPERBOREIS.

496 490 664 530 mores
699 469 1062 546 metropoleos,
1121 470 1304 530 Immo
1335 471 1398 528 de
1425 473 1569 527 vultu
1592 484 1794 542 quoque
1828 458 2080 529 cuiusdam
2105 458 2258 533 Calli-

495 561 627 615 strati
663 558 1045 628 Borystlienitae
1070 558 1210 630 Dio,
1250 554 1392 617 πολὺ
1415 551 1622 613 Ιωνικθν
1648 552 1718 610 fr&
1747 543 1894 620 ἐἰδες
1930 554 2146 616 habuisse
2181 564 2258 618 di·-

493 648 592 701 xit.
643 649 812 699 Amor
837 645 1074 700 masculus
1099 643 1239 700 isthic
1260 651 1332 699 ‘vt
1359 648 1487 717 apud
1516 643 1738 697 lviilefios
1766 662 1774 694 :
1824 642 2058 696 colebant
2103 649 2257 704 etiam

454 783 465 799 ς
495 732 754 787 Achillem
802 734 848 785 iu
895 732 1124 785 heroibus
1166 734 1403 784 omnibus
1447 731 1716 797 maxime,
1770 742 1819 780 et
1865 727 2156 784 Homerum
2202 733 2257 790 in

495 820 676 889 po'e'tis.
765 817 1051 869 Homerum
1102 818 1238 868 enim
1286 815 1433 868 Iones
1481 816 1569 868 fibi
1614 814 1970 884 vindicabant,
2015 816 2147 886 quod
2175 798 2257 890 ’fia-

495 921 582 956 ma
629 901 781 967 essct,
827 900 945 950 teste
988 897 1201 952 Eusebio
1228 943 1242 966 7
1300 900 1591 952 Homerum
1642 903 1691 952 in
1739 900 2042 969 migratione
2087 899 2259 956 Ionica

494 986 642 1040 fuisse.
735 984 951 1037 Achillis
995 998 1159 1037 autem
1207 983 1482 1054 sepulcrum
1540 988 1668 1054 apud
1717 985 1758 1035 le
1801 984 1894 1036 elle
1939 982 2253 1053 Borystheni-

490 1084 575 1125 tae
620 1071 818 1141 gloriati
864 1068 990 1137 sunt,
1034 1083 1085 1122 et
1129 1071 1220 1122 alia
1266 1072 1366 1122 eius
1413 1069 1578 1122 herois
1606 1071 2010 1123 monumentain
2038 1070 2125 1124 suo
2153 1070 2258 1126 solo

453 1209 456 1213 ,
493 1155 860 1215 contem-ardut.
951 1154 1213 1207 Descitum
1265 1168 1437 1218 tamen
1481 1155 1551 1208 est
1595 1156 1645 1207 in
1691 1155 1888 1215 colonia
1934 1169 1985 1208 et
2022 1173 2050 1210 a
2075 1151 2259 1213 Graeci

492 1244 712 1315 puritate
782 1239 1018 1298 sermonis
1082 1252 1133 1292 et
1200 1239 1260 1292 ab
1317 1239 1528 1309 habitu,
1586 1257 1737 1312 quem
1792 1258 1820 1293 a
1869 1240 2259 1298 Melanchlaenis

491 1338 808 1399 acceperunt.
898 1323 1180 1378 Mercatura
1205 1341 1319 1376 cum
1349 1326 1438 1377 alia
1465 1367 1478 1393 ‚
1524 1337 1634 1376 tum
1670 1326 1772 1378 salis
1795 1325 1902 1380 fuit.
1995 1323 2078 1402 (1)
2125 1328 2259 1393 Vrbs

494 1413 806 1467 calamitates
859 1411 1042 1461 multas
1088 1407 1348 1477 perpeffi,
1407 1409 1466 1460 ad
1512 1421 1802 1460 extremum
1847 1426 1876 1460 a
1920 1407 2065 1464 Getis
2108 1431 2258 1468 occu·

493 1508 616 1569 pata
660 1507 712 1546 et
756 1504 960 1562 aequata
1005 1490 1110 1543 solo
1154 1490 1240 1542 est.
1327 1489 1511 1560 Neque
1547 1491 1688 1541 enim
1723 1507 1845 1543 cum
1869 1491 1980 1545 Dio
2013 1509 2127 1549 eam
2152 1514 2257 1550 cer-

493 1591 675 1648 neret,
719 1577 828 1631 satis
869 1576 1041 1647 ampla
1098 1591 1193 1645 pro
1235 1574 1396 1628 veteri
1454 1572 1616 1645 gloria
1656 1571 1748 1624 fuit
1791 1584 1840 1624 et
1885 1575 2020 1627 male
2063 1579 2114 1629 in
2160 1581 2261 1647 pri-

493 1669 594 1722 mis
645 1663 918 1718 aedificata.
1032 1661 1215 1713 Turres
1278 1670 1479 1712 tantum
1553 1673 1583 1710 e
1639 1656 1840 1710 vetustis
1908 1662 2264 1713 monumentis

492 1752 726 1821 antiquae
769 1747 1119 1821 amplitudinis
1158 1745 1302 1799 testes
1334 1745 1384 1798 in
1409 1742 1806 1798 circumiacentis
1845 1743 1951 1815 agri
1985 1743 2134 1797 ruinis
2155 1730 2264 1799 sunt

491 1835 804 1909 conspectae.
896 1834 1009 1888 Vna
1056 1850 1128 1887 res
1170 1831 1307 1885 saluti
1347 1831 1438 1884 fuit
1481 1827 1650 1883 euerso
1691 1829 1891 1900 oppido
1917 1870 1934 1899 ‚
1979 1830 2114 1900 quod
2152 1830 2267 1885 bar-

490 1923 599 1978 bari
644 1933 906 1976 cernerent
930 1964 944 1989 ,
989 1919 1037 1973 se
1082 1916 1372 1972 mercaturis
1413 1910 1618 1970 Graecis
1658 1930 1804 1986 aegre
1844 1907 2048 1985 carere,
2089 1929 2152 1971 2vt
2176 1901 2267 1972 ne·-

425 2015 428 2019 '
494 2009 616 2064 ceste
657 2007 778 2063 effet
821 2003 1137 2062 Graecorum
1183 1999 1510 2076 frequentiam
1556 2000 1830 2056 hominum
1887 2002 2104 2073 in'agro
2147 2019 2262 2075 per-

494 2095 654 2150 mitti.
741 2092 876 2148 Dixi
919 2092 1087 2164 supra,
1132 2091 1308 2146 iisdem
1355 2088 1670 2160 temporibus
1710 2084 1892 2140 Istrum
1936 2086 2119 2142 vrbem
2166 2087 2266 2143 Pli-

495 2181 597 2250 nii,
642 2192 693 2234 et
736 2179 1040 2237 Rauennatis
1082 2175 1371 2246 Istriopolin
1397 2218 1413 2244 ,
1482 2172 1685 2226 Arriani
1750 2170 1946 2226 Istriam
2001 2173 2261 2228 conditam

495 2264 633 2322 fuisse
687 2265 748 2319 ad
791 2265 1030 2319 Pontum.
1145 2259 1365 2314 Ioannes
1433 2257 1714 2311 Harduinus
1779 2273 1965 2321 numos
2019 2253 2260 2330 Septimi-i
2328 2302 2333 2307 .

495 2348 671 2407 Seueri
725 2363 776 2404 et
818 2347 1097 2403 Alexandri
1151 2343 1324 2400 Seueri
1380 2342 1536 2397 adfert
1592 2338 2054 2399 ΙΣΤΡΙΗΝΩΝ
2098 2343 2266 2398 infcri-

497 2450 616 2509 ptos
657 2457 669 2492 z
739 2430 941 2489 Goltius
984 2450 1143 2487 vnum
1197 2426 1605 2485 ΙΣΤΡΙΗΩΝ
1653 2428 1946 2502 inscriptum
1988 2418 2264 2501 lignatum-

497 2539 594 2595 que
637 2521 827 2575 duobus
870 2519 1115 2590 capitibus
1138 2561 1154 2589 ‚
1209 2533 1427 2589 quorum
1468 2533 1631 2569 vnum
1687 2516 1750 2570 ad
1804 2514 2256 2587 septemtrionem,

496 2608 710 2663 alterum
757 2607 818 2661 ad
862 2605 1135 2659 meridiem
1177 2601 1374 2657 versum
1424 2602 1638 2656 videtur.
1727 2599 2020 2656 Laurentius
2045 2599 2260 2677 Begerus

497 2693 687 2747 codem
747 2693 800 2745 in
842 2705 1004 2746 numo
1056 2688 1179 2760 legit
1232 2683 1584 2742 ΙΣΤΡΙΗΑ.
1689 2685 1806 2742 Nos
1858 2685 1911 2738 in
1953 2685 2050 2737 hoc
2095 2698 2256 2737 numo

496 2790 737 2849 argenteo
760 2821 775 2848 ,
831 2793 985 2849 quem
1030 2772 1374 2829 Buxbaumius
1417 2770 1539 2827 CPli
1582 2771 1744 2826 attulit
1773 2813 1789 2840 ‚
1843 2783 1971 2822 nunc
2017 2768 2096 2820 vir
2138 2784 2254 2822 am-

499 2862 738 2935 pliffimus
763 2860 999 2934 Iosephus
1045 2859 1302 2925 Nicolaus*
1327 2858 1554 2915 Delislius
1593 2855 1787 2925 collega
1830 2852 1992 2908 noster
2023 2869 2144 2908 cum
2168 2869 2277 2927 ce-x

805 2969 806 2972 ¹
2104 2946 2117 2952 ·“
2141 2939 2258 2992 teris

611 3045 687 3101 (ι)
718 3045 847 3086 Omnia
879 3057 928 3087 ex
959 3045 1077 3086 Dione
1103 3058 1145 3101 p.
1166 3055 1260 3100 437.
