2378 3564
291 262 901 328 OBSERVATIONES
943 264 1653 334 METEOROLOGICAE
1772 292 1802 332 2
1816 290 1844 346 5
1856 289 1893 348 ς

299 422 343 488 ς.
379 439 432 478 2.
505 420 738 494 Apparet
779 436 848 474 ex
904 419 979 476 his
1032 422 1364 483 altitudinibus
1408 426 1698 486 Barometri
1720 448 1895 487 earum

141 509 430 562 maximam
488 506 588 562 hoc
642 522 778 559 auno
831 504 967 558 fuiffe
1027 522 1121 570 30.
1166 515 1244 573 36
1269 555 1282 580 ,
1342 531 1467 585 quae
1511 516 1762 571 obseruata
1804 518 1900 572 fuit

138 593 221 646 die
267 607 302 658 7
351 591 653 646 Decembris
722 590 774 642 in
817 589 1040 660 persesta
1118 592 1376 648 serenitate
1446 599 1636 670 aliquot
1675 603 1901 671 dierum,

136 677 348 749 spirante
391 679 488 732 leni
533 674 886 731 Austro-Euro
915 716 929 743 ‚
979 693 1096 730 cum
1141 677 1324 750 frigore
1368 679 1612 756 summ03
1657 687 1770 758 quia
1804 703 1899 740 ve-

133 779 193 818 ro
237 762 359 816 haec
403 761 608 818 altitudo
654 761 886 815 maxima
930 760 1066 816 illam
1112 781 1236 836 quae
1281 782 1421 821 anno
1466 782 1628 835 1737
1671 772 1896 825 obserua-

138 860 186 904 ta
229 849 359 918 fuit,
405 864 593 919 nempe
640 864 738 916 30.
767 859 841 914 95
875 890 891 916 ‚
934 864 1040 901 non
1085 851 1328 923 excedit;
1384 851 1510 908 haec
1565 855 1727 910 adhuc
1770 857 1897 912 dum

135 935 365 990 maxima
408 935 644 989 omnium
691 933 774 988 hic
821 933 918 986 loci
959 932 1321 990 obseruatarum
1370 951 1562 993 manet.
1666 940 1898 998 Minima

132 1034 305 1074 autem
349 1017 641 1073 Barometri
704 1017 913 1073 altitudo
981 1019 1087 1073 hoc
1152 1037 1289 1075 auno
1341 1020 1435 1075 fuit
1482 1033 1680 1092 28.48
1710 1071 1727 1098 ‚
1768 1043 1906 1098 quae

132 1106 306 1160 extitit
348 1105 428 1158 die
474 1106 516 1152 6
558 1103 811 1172 Ianuarii,
857 1103 1010 1157 coelo
1055 1105 1225 1158 nubilo
1270 1104 1463 1175 aliquot
1503 1107 1731 1180 dierum,
1768 1113 1894 1166 flan-

131 1201 185 1244 te
227 1189 385 1244 adhuc
431 1185 531 1239 leui
575 1186 927 1238 Austro-Euro
954 1227 968 1253 ,
1014 1183 1201 1259 frigore
1246 1190 1507 1244 mediocri.
1609 1194 1757 1268 Quae
1802 1197 1896 1268 igi-

127 1287 209 1329 tur
251 1272 464 1327 minima
504 1266 712 1323 altitudo
754 1268 896 1323 huius
940 1268 1061 1322 anni
1103 1287 1223 1326 cum
1268 1272 1318 1326 in
1363 1276 1768 1346 praecedentibus
1807 1297 1894 1336 an-

125 1360 202 1412 nis
242 1358 498 1410 inuentam
525 1397 541 1424 ,
584 1369 773 1427 nempe
821 1362 918 1411 28.
953 1359 1023 1407 18
1058 1399 1073 1426 ,
1123 1338 1355 1430 liiperet:
1413 1376 1587 1417 manet
1641 1364 1804 1420 adhuc
1852 1365 1893 1419 i-

122 1443 240 1497 dem
284 1439 497 1512 spatium
542 1439 881 1495 variationum
937 1436 1402 1498 Barometricarum
1429 1488 1445 1515 ,
1504 1459 1649 1503 antea
1716 1450 1896 1507 stabili·

120 1538 275 1595 tum,
320 1541 512 1595 nempe
560 1539 614 1575 2.
644 1535 765 1588 77:
808 1523 1009 1595 suntque
1054 1524 1217 1582 adhuc
1260 1528 1560 1585 variationes
1613 1535 1899 1592 menstruae

119 1613 177 1669 in
224 1608 405 1682 primis
447 1620 501 1660 et
544 1607 736 1665 vltimis
780 1609 894 1667 anni
936 1610 1188 1669 mensibus
1231 1613 1449 1675 maiores
1477 1657 1493 1688 ,
1537 1617 1781 1676 minores‘
1804 1637 1898 1679 au·

122 1706 233 1752 tem
280 1695 332 1751 in
379 1692 575 1749 mediiS.

279 1836 327 1903 ς.
361 1849 420 1901 3.
464 1836 692 1896 Aurorae
730 1836 979 1898 Boreales
1016 1840 1124 1900 hoc
1163 1859 1299 1902 anno
1319 1841 1579 1904 obseruaui
1616 1846 1894 1924 sequentes,

125 1976 238 2030 173
246 1980 289 2035 9
329 1963 543 2023 Ianuarii
588 1984 665 2038 19
709 1970 761 2026 in
807 1970 1030 2045 perstasta
1075 1970 1362 2031 Serenitate
1412 1975 1624 2032 aderant
1682 1979 1895 2052 vestigia

707 2057 833 2111 lucis
896 2055 1122 2115 Borealis
1161 2063 1279 2115 a‘e‘re
1355 2062 1624 2136 tranquillo
1647 2108 1668 2137 ,
1730 2082 1891 2138 quam

710 2141 871 2197 nubes
909 2154 1085 2199 tenues
1122 2144 1316 2201 secutae
1357 2146 1484 2203 sunt&

570 2261 646 2296 21
694 2246 747 2301 in
792 2246 955 2319 aliqua
996 2246 1255 2305 serenitate
1295 2251 1480 2306 iterum
1506 2251 1712 2309 aderant
1734 2252 1887 2310 vesti·

700 2333 784 2405 gia
827 2345 1024 2388 tantum
1066 2336 1187 2391 lucis
1228 2334 1455 2392 Borealis
1477 2382 1492 2409 ‚
1560 2342 1679 2393 a’e're
1746 2351 1885 2394 tran-

708 2416 869 2487 quillo
896 2458 916 2490 ‚
958 2435 1117 2491 quam
1157 2421 1346 2480 iterum
1390 2423 1546 2479 nubes
1566 2423 1756 2480 secutae
1779 2424 1886 2481 fue-

704 2513 841 2556 runt.

321 2595 474 2657 Febr,
588 2589 668 2671 116'
716 2600 768 2657 in
812 2600 974 2678 aliqua
1016 2607 1270 2669 serenitate
1313 2608 1484 2664 aderat
1548 2608 1638 2665 lux
1683 2607 1844 2668 Borea
1868 2652 1887 2685 ,

703 2689 850 2744 trabe.
888 2692 1032 2748 rubra
1076 2710 1172 2748 vna
1198 2736 1213 2763 ,
1257 2706 1308 2747 et
1353 2695 1651 2766 quibusdam
1677 2696 1786 2752 aliis
1809 2697 1883 2753 al-

704 2774 780 2829 bis
824 2777 1131 2855 conspicua,
1171 2778 1490 2854 subsequente
1542 2781 1765 2859 perfecta
1810 2782 1881 2839 se·-

704 2872 938 2920 lenitate.

1713 2975 1878 3039 1739
