2378 3564
455 217 578 276 276
665 201 996 266 DISSERT.
1037 195 1144 259 DE
1189 200 1584 259 MACHINIS
1625 201 2116 263 SIMPLICIBVS.

602 351 653 416 ξ.
685 377 748 426 4r
787 356 1025 412 Alterum
1054 396 1070 424 ‚
1116 355 1249 428 quod
1295 354 1638 410 machinarum
1686 354 1981 424 simplicium
2026 357 2203 412 transta-

450 446 577 502 tioni
619 445 777 500 adhuc
824 442 981 498 deesse
1028 442 1178 496 video
1202 485 1217 512 ‚
1261 442 1330 498 est
1374 439 1681 514 particularis
1725 453 1869 510 atque
1911 444 2084 496 exaeta
2118 447 2210 497 de.-

447 532 653 605 scriptio
697 528 976 602 regularum
1023 525 1184 583 Cunei
1211 572 1226 599 ‚
1282 530 1364 601 qui
1417 545 1513 600 pro
1557 525 1735 578 vltima
1787 524 1968 577 harum
2016 528 2212 582 machi-

448 635 631 674 narum
677 616 923 671 ordinarie
967 613 1173 668 habetur
1196 657 1211 684 ,
1257 630 1308 668 et
1352 614 1486 668 cuius
1531 625 1759 665 naturam
1803 610 1889 663 alii
1933 610 1983 662 in
2024 610 2215 685 Vecte,

446 705 531 760 alii
587 704 639 759 in
694 703 850 776 plano
902 701 1141 754 inclinato
1192 713 1473 771 quaerunt,
1529 695 1965 766 diuerfiffimasque
2033 696 2221 751 exinde

448 793 669 845 rationes
710 788 967 857 potentiae
1010 785 1071 837 ad
1116 800 1239 835 onus
1263 825 1278 851 ,
1332 785 1419 837 vel
1476 783 1799 836 resistentiam
1857 781 2216 854 superandam,

450 875 501 926 in
550 875 673 925 statu
718 869 997 940 aequilibrii
1038 866 1141 919 eius
1164 909 1182 936 ‚
1226 867 1544 937 protrahunt.
1645 863 1798 918 Causa
1856 867 1995 920 huius
2038 865 2215 921 confu-

448 957 600 1012 sionis
643 955 774 1007 nulla
818 953 910 1006 alia
955 952 1151 1006 videtur
1195 952 1291 1005 esse
1315 995 1330 1022 ,
1375 968 1526 1024 quam
1573 951 1710 1022 quod
1754 951 1815 1003 ab
1862 949 2176 1005 Authoribus
2200 995 2216 1022 ‚

449 1042 536 1114 qui
575 1042 638 1096 de
680 1055 746 1093 eo
788 1036 1072 1109 scripserunt
1098 1081 1113 1108 ‚
1169 1054 1276 1091 non
1331 1039 1558 1111 primum
1614 1037 1670 1091 in
1707 1034 1953 1090 abstraCto
1977 1078 1991 1105 ,
2044 1037 2106 1090 ad
2158 1036 2220 1092 fi-

449 1125 791 1182 militudinem
835 1122 997 1177 vestis
1020 1165 1035 1191 ,
1079 1123 1410 1177 consideratus
1435 1166 1450 1191 ,
1495 1134 1547 1176 et
1587 1121 1771 1175 deinde
1812 1122 2052 1191 demum,
2098 1121 2218 1193 legi-

451 1213 581 1268 tima
625 1211 854 1265 cautione
898 1207 1121 1262 adhibita
1146 1250 1162 1279 ,
1219 1208 1282 1262 ad
1333 1206 1568 1260 findenda
1621 1206 1752 1276 ligna
1777 1250 1791 1276 ,
1848 1220 1899 1260 et
1952 1207 2070 1261 alias
2111 1223 2223 1262 cot-

453 1313 638 1370 porum
681 1294 1077 1349 circumstantias
1101 1336 1116 1362 ,
1159 1293 1429 1365 applicatus
1473 1290 1660 1362 fuerit3
1715 1292 1782 1342 ita
1827 1304 1886 1344 vt
1925 1292 2124 1364 elegans
2162 1300 2223 1347 et

452 1379 812 1450 fimpliciffima
867 1379 991 1430 haec
1043 1378 1278 1430 machina
1314 1418 1329 1443 ,
1397 1378 1452 1428 in
1500 1375 1622 1428 solas
1684 1376 2111 1429 mercenariorum
2167 1389 2219 1431 et

451 1462 738 1519 baiulorum
793 1475 972 1514 manus
1024 1459 1157 1530 quasi
1211 1457 1399 1513 detrusa
1425 1500 1441 1526 ‚
1506 1457 1670 1510 nescio
1725 1473 1833 1526 quo·
1881 1475 2090 1512 mucore
2129 1460 2220 1514 ob-

453 1548 605 1620 ducta
649 1558 700 1600 et
745 1555 1052 1617 contemptu
1098 1543 1324 1615 neglecta
1369 1542 1543 1596 iaceat.
1646 1539 1738 1593 His
1789 1539 1985 1593 duobus
2035 1542 2224 1596 deside-

454 1635 576 1692 ratis
617 1633 782 1704 itaque
825 1629 1070 1703 praesenti
1121 1628 1307 1703 scripto
1362 1627 1482 1684 lucis
1533 1636 1779 1699 quantum
1836 1635 2022 1696 potero
2066 1621 2227 1678 affun-

453 1721 571 1775 dere
615 1719 854 1772 con-abor.

615 1802 661 1869 ξ.
695 1819 748 1868 5.
795 1801 857 1857 In
903 1802 1246 1875 potentiarum
1273 1844 1288 1871 ‚
1346 1797 1553 1854 obiedto
1596 1795 1792 1851 cuidam
1836 1794 2229 1868 applicatarum,

458 1889 756 1962 aequilibrio
783 1932 797 1957 ,
841 1889 1226 1961 quotiescunque
1273 1886 1452 1941 accidit
1497 1895 1554 1937 vt
1598 1882 1828 1956 potentia
1865 1881 2012 1945 vnica
2057 1881 2230 1936 minor

460 1994 580 2031 cum
625 1975 774 2028 altera
818 1976 961 2028 vnica
1008 1973 1201 2027 maiore
1244 1970 1591 2044 aequilibrium
1634 1967 1789 2021 seruet
1815 2011 1830 2037 ,
1873 1978 2083 2020 vocatur
2105 1963 2231 2020 illud

463 2060 721 2115 obicc‘tum
766 2059 1023 2115 Machina
1052 2100 1066 2127 ,
1110 2070 1160 2111 et
1203 2059 1404 2130 quidem
1450 2051 1710 2110 Machina
1736 2048 1951 2125 stmplex
1974 2094 1990 2121 ,
2043 2049 2082 2104 fi
2127 2049 2232 2104 ob-

466 2146 658 2202 lectum
704 2144 823 2198 illud
866 2146 923 2199 fit
965 2145 1194 2197 vnicum.
1296 2140 1638 2195 Potenti-arum
1697 2152 1824 2190 vero
1867 2136 1984 2190 huic
2027 2133 2230 2190 machi·

465 2248 559 2286 nae
584 2229 945 2300 applicatarum
992 2228 1166 2282 minor
1212 2243 1360 2281 more
1403 2223 1641 2278 consueto
1668 2234 1869 2276 votatur
1909 2221 2040 2291 Vis,
2065 2220 2230 2275 maior

465 2329 636 2371 autem
684 2312 839 2371 Onus.
931 2313 1184 2367 Vitruuius
1224 2313 1256 2366 l.
1289 2328 1334 2364 c.
1382 2309 1561 2366 definit
1613 2307 1906 2363 machinam
1930 2351 1946 2377 ,
1992 2306 2127 2379 quod
2171 2303 2234 2362 fit

466 2399 703 2457 colledtio
746 2401 982 2454 materiae
1039 2398 1166 2452 bene
1220 2396 1420 2451 iund’tae
1448 2439 1464 2465 ‚
1520 2395 1656 2449 cuius
1708 2410 1809 2465 ope
1851 2391 2130 2464 grauiffima
2173 2405 2234 2446 o·

469 2505 586 2542 nera
630 2486 780 2539 leuari
826 2485 1063 2558 poffunt3
1107 2481 1183 2538 sed
1211 2526 1225 2553 ,
1270 2484 1470 2554 optime
1514 2492 1723 2535 notante
1768 2479 1990 2533 Perralto
2041 2478 2095 2531 in
2138 2489 2230 2528 no-

469 2574 531 2626 tis
574 2572 802 2625 Versioni
849 2574 949 2624 eius
990 2565 1213 2623 Gallicae
1258 2567 1524 2623 subiunstis
1549 2610 1564 2635 ,
1621 2566 1859 2620 materiae
1902 2563 2231 2628 cuiuscunque

466 2659 796 2712 consideratio
840 2658 1043 2710 exulare
1088 2656 1237 2709 debet
1291 2671 1361 2707 ex
1402 2651 1791 2707 cOnfideratione
1835 2645 2184 2700 machinarum
2209 2682 2227 2714 ‚

473 2744 736 2813 praecipue
788 2743 1105 2813 simplicium.
1207 2739 1425 2793 Obiesta
1480 2738 1630 2808 igitur
1657 2777 1671 2799 ‚
1736 2732 1908 2801 quibus
1973 2727 2229 2799 potentiae

474 2826 665 2880 nostrae
709 2828 891 2881 debent
932 2826 1211 2897 applicari,
1256 2838 1408 2877 exuta
1450 2823 1544 2877 fint
1588 2827 1792 2889 oportet
1829 2813 1894 2868 ab
1933 2813 2081 2867 omni
2117 2827 2231 2864 ma·

2072 2908 2231 2969 teria·²
