<?xml version="1.0" encoding="UTF-8"?>
<!DOCTYPE html PUBLIC "-//W3C//DTD XHTML 1.0 Transitional//EN"
    "http://www.w3.org/TR/xhtml1/DTD/xhtml1-transitional.dtd">
<html xmlns="http://www.w3.org/1999/xhtml" xml:lang="en" lang="en">
 <head>
  <title>
</title>
<meta http-equiv="Content-Type" content="text/html;charset=utf-8" />
  <meta name='ocr-system' content='tesseract 3.04.00' />
  <meta name='ocr-capabilities' content='ocr_page ocr_carea ocr_par ocr_line ocrx_word'/>
</head>
<body>
  <div class='ocr_page' id='page_1' title='image "./commentariiacade11impe_0265.png"; bbox 0 0 2378 3564; ppageno 0'>
   <div class='ocr_carea' id='block_1_1' title="bbox 219 225 1852 316">
    <p class='ocr_par' dir='ltr' id='par_1_1' title="bbox 219 225 1852 316">
     <span class='ocr_line' id='line_1_1' title="bbox 219 225 1852 316; baseline -0.003 -12"><span class='ocrx_word' id='word_1_1' title='bbox 219 225 871 305; x_wconf 79' lang='lat' dir='ltr'><strong><em>OBSERVATIONES</em></strong></span> <span class='ocrx_word' id='word_1_2' title='bbox 907 229 1642 303; x_wconf 76' lang='lat' dir='ltr'><em>METEOROLOGICAE</em></span> <span class='ocrx_word' id='word_1_3' title='bbox 1725 251 1852 316; x_wconf 74' lang='lat'>25¹7</span> 
     </span>
    </p>
   </div>
   <div class='ocr_carea' id='block_1_2' title="bbox 93 393 1868 1073">
    <p class='ocr_par' dir='ltr' id='par_1_2' title="bbox 93 393 1868 1073">
     <span class='ocr_line' id='line_1_2' title="bbox 93 393 1858 473; baseline -0.001 -17"><span class='ocrx_word' id='word_1_4' title='bbox 93 404 254 469; x_wconf 80' lang='lat'><strong>1739</strong></span> <span class='ocrx_word' id='word_1_5' title='bbox 309 394 526 472; x_wconf 77' lang='lat' dir='ltr'>Augusti</span> <span class='ocrx_word' id='word_1_6' title='bbox 560 404 640 466; x_wconf 83' lang='lat'>17</span> <span class='ocrx_word' id='word_1_7' title='bbox 683 397 736 453; x_wconf 89' lang='lat' dir='ltr'>in</span> <span class='ocrx_word' id='word_1_8' title='bbox 780 393 1005 469; x_wconf 59' lang='lat' dir='ltr'>perfecta</span> <span class='ocrx_word' id='word_1_9' title='bbox 1070 394 1378 468; x_wconf 80' lang='lat' dir='ltr'><strong>serenitate,</strong></span> <span class='ocrx_word' id='word_1_10' title='bbox 1441 395 1657 473; x_wconf 83' lang='lat' dir='ltr'>spirante</span> <span class='ocrx_word' id='word_1_11' title='bbox 1710 394 1858 454; x_wconf 83' lang='lat' dir='ltr'>nullo</span> 
     </span>
     <span class='ocr_line' id='line_1_3' title="bbox 676 480 1857 559; baseline 0.003 -20"><span class='ocrx_word' id='word_1_12' title='bbox 676 494 836 540; x_wconf 69' lang='lat' dir='ltr'>vento</span> <span class='ocrx_word' id='word_1_13' title='bbox 859 524 876 552; x_wconf 85' lang='lat'>‚</span> <span class='ocrx_word' id='word_1_14' title='bbox 913 485 1146 555; x_wconf 87' lang='lat' dir='ltr'>apparuit</span> <span class='ocrx_word' id='word_1_15' title='bbox 1188 484 1277 538; x_wconf 84' lang='lat' dir='ltr'>lux</span> <span class='ocrx_word' id='word_1_16' title='bbox 1299 481 1466 538; x_wconf 79' lang='lat' dir='ltr'>Borea</span> <span class='ocrx_word' id='word_1_17' title='bbox 1488 485 1626 540; x_wconf 85' lang='lat' dir='ltr'>sortis</span> <span class='ocrx_word' id='word_1_18' title='bbox 1648 528 1666 558; x_wconf 83' lang='lat'>‚</span> <span class='ocrx_word' id='word_1_19' title='bbox 1698 480 1857 559; x_wconf 81' lang='lat' dir='ltr'>quam</span> 
     </span>
     <span class='ocr_line' id='line_1_4' title="bbox 621 567 1605 639; baseline -0.003 -15"><span class='ocrx_word' id='word_1_20' title='bbox 621 568 623 570; x_wconf 70' lang='grc'>’</span> <span class='ocrx_word' id='word_1_21' title='bbox 676 570 836 624; x_wconf 84' lang='lat' dir='ltr'>nubes</span> <span class='ocrx_word' id='word_1_22' title='bbox 876 579 929 621; x_wconf 90' lang='lat' dir='ltr'>et</span> <span class='ocrx_word' id='word_1_23' title='bbox 971 567 1166 639; x_wconf 87' lang='lat' dir='ltr'>pluuiae</span> <span class='ocrx_word' id='word_1_24' title='bbox 1211 567 1605 637; x_wconf 75' lang='lat' dir='ltr'>insequebantur.</span> 
     </span>
     <span class='ocr_line' id='line_1_5' title="bbox 547 651 1858 725; baseline 0.005 -17"><span class='ocrx_word' id='word_1_25' title='bbox 547 668 628 711; x_wconf 77' lang='lat'>20</span> <span class='ocrx_word' id='word_1_26' title='bbox 673 655 858 709; x_wconf 87' lang='lat' dir='ltr'>iterum</span> <span class='ocrx_word' id='word_1_27' title='bbox 906 653 956 706; x_wconf 89' lang='lat' dir='ltr'>in</span> <span class='ocrx_word' id='word_1_28' title='bbox 999 651 1219 725; x_wconf 65' lang='lat' dir='ltr'>perfecta</span> <span class='ocrx_word' id='word_1_29' title='bbox 1258 653 1517 708; x_wconf 76' lang='lat' dir='ltr'>lerenitate</span> <span class='ocrx_word' id='word_1_30' title='bbox 1560 655 1731 714; x_wconf 75' lang='lat' dir='ltr'>aderat</span> <span class='ocrx_word' id='word_1_31' title='bbox 1765 655 1858 715; x_wconf 74' lang='lat' dir='ltr'>lux</span> 
     </span>
     <span class='ocr_line' id='line_1_6' title="bbox 675 737 1110 796; baseline -0.011 0"><span class='ocrx_word' id='word_1_32' title='bbox 675 738 844 796; x_wconf 85' lang='lat' dir='ltr'>Borea</span> <span class='ocrx_word' id='word_1_33' title='bbox 887 737 1110 794; x_wconf 84' lang='lat' dir='ltr'>humilis.</span> 
     </span>
     <span class='ocr_line' id='line_1_7' title="bbox 541 822 1868 904; baseline 0.003 -22"><span class='ocrx_word' id='word_1_34' title='bbox 541 828 627 882; x_wconf 71' lang='lat'>26</span> <span class='ocrx_word' id='word_1_35' title='bbox 678 827 732 882; x_wconf 89' lang='lat' dir='ltr'>in</span> <span class='ocrx_word' id='word_1_36' title='bbox 806 826 969 883; x_wconf 88' lang='lat' dir='ltr'>multa</span> <span class='ocrx_word' id='word_1_37' title='bbox 1037 824 1294 880; x_wconf 82' lang='lat' dir='ltr'>serenitate</span> <span class='ocrx_word' id='word_1_38' title='bbox 1371 822 1581 882; x_wconf 79' lang='lat' dir='ltr'>aderant</span> <span class='ocrx_word' id='word_1_39' title='bbox 1645 824 1868 904; x_wconf 79' lang='lat' dir='ltr'>vestigia</span> 
     </span>
     <span class='ocr_line' id='line_1_8' title="bbox 672 909 1116 969; baseline -0.009 0"><span class='ocrx_word' id='word_1_40' title='bbox 672 911 830 969; x_wconf 84' lang='lat' dir='ltr'>Lucis</span> <span class='ocrx_word' id='word_1_41' title='bbox 868 909 1116 967; x_wconf 78' lang='lat' dir='ltr'>Borealis.</span> 
     </span>
     <span class='ocr_line' id='line_1_9' title="bbox 552 994 1862 1073; baseline 0.002 -21"><span class='ocrx_word' id='word_1_42' title='bbox 552 1013 634 1068; x_wconf 83' lang='lat'>29</span> <span class='ocrx_word' id='word_1_43' title='bbox 679 999 904 1073; x_wconf 85' lang='lat' dir='ltr'>Vestigia</span> <span class='ocrx_word' id='word_1_44' title='bbox 950 996 1103 1053; x_wconf 82' lang='lat' dir='ltr'>Lucis</span> <span class='ocrx_word' id='word_1_45' title='bbox 1140 994 1371 1054; x_wconf 81' lang='lat' dir='ltr'>Borealis</span> <span class='ocrx_word' id='word_1_46' title='bbox 1392 995 1443 1052; x_wconf 86' lang='lat' dir='ltr'>in</span> <span class='ocrx_word' id='word_1_47' title='bbox 1464 996 1720 1056; x_wconf 74' lang='lat' dir='ltr'>strenitate</span> <span class='ocrx_word' id='word_1_48' title='bbox 1743 1013 1862 1073; x_wconf 75' lang='lat' dir='ltr'>per-</span> 
     </span>
    </p>
   </div>
   <div class='ocr_carea' id='block_1_3' title="bbox 306 1084 1864 1241">
    <p class='ocr_par' dir='ltr' id='par_1_3' title="bbox 306 1084 1864 1241">
     <span class='ocr_line' id='line_1_10' title="bbox 672 1084 823 1140; baseline -0.013 0"><span class='ocrx_word' id='word_1_49' title='bbox 672 1084 823 1140; x_wconf 64' lang='lat' dir='ltr'>fecta.</span> 
     </span>
     <span class='ocr_line' id='line_1_11' title="bbox 306 1161 1864 1241; baseline 0.001 -20"><span class='ocrx_word' id='word_1_50' title='bbox 306 1163 454 1241; x_wconf 74' lang='lat' dir='ltr'>Sept.</span> <span class='ocrx_word' id='word_1_51' title='bbox 546 1177 620 1219; x_wconf 80' lang='lat'>12</span> <span class='ocrx_word' id='word_1_52' title='bbox 669 1169 726 1221; x_wconf 86' lang='lat' dir='ltr'>in</span> <span class='ocrx_word' id='word_1_53' title='bbox 788 1164 1011 1235; x_wconf 64' lang='lat' dir='ltr'>perfecta</span> <span class='ocrx_word' id='word_1_54' title='bbox 1080 1161 1336 1215; x_wconf 80' lang='lat' dir='ltr'>serenitate</span> <span class='ocrx_word' id='word_1_55' title='bbox 1412 1162 1707 1236; x_wconf 77' lang='lat' dir='ltr'>comparuit</span> <span class='ocrx_word' id='word_1_56' title='bbox 1770 1164 1864 1223; x_wconf 72' lang='lat' dir='ltr'>lux</span> 
     </span>
    </p>
   </div>
   <div class='ocr_carea' id='block_1_4' title="bbox 90 1245 1875 2951">
    <p class='ocr_par' dir='ltr' id='par_1_4' title="bbox 680 1245 1862 1323">
     <span class='ocr_line' id='line_1_12' title="bbox 680 1245 1862 1323; baseline 0 -19"><span class='ocrx_word' id='word_1_57' title='bbox 680 1247 872 1319; x_wconf 74' lang='lat' dir='ltr'>Borea,</span> <span class='ocrx_word' id='word_1_58' title='bbox 918 1245 1091 1302; x_wconf 80' lang='lat' dir='ltr'>mult²s</span> <span class='ocrx_word' id='word_1_59' title='bbox 1133 1246 1285 1318; x_wconf 83' lang='lat' dir='ltr'>virgis</span> <span class='ocrx_word' id='word_1_60' title='bbox 1323 1245 1560 1320; x_wconf 82' lang='lat' dir='ltr'>oblongis</span> <span class='ocrx_word' id='word_1_61' title='bbox 1584 1291 1599 1319; x_wconf 85' lang='lat'>,</span> <span class='ocrx_word' id='word_1_62' title='bbox 1644 1261 1695 1303; x_wconf 90' lang='lat' dir='ltr'>et</span> <span class='ocrx_word' id='word_1_63' title='bbox 1739 1264 1862 1323; x_wconf 86' lang='lat' dir='ltr'>pro·</span> 
     </span>
    </p>

    <p class='ocr_par' dir='ltr' id='par_1_5' title="bbox 570 1292 1864 1496">
     <span class='ocr_line' id='line_1_13' title="bbox 570 1292 1864 1411; baseline 0.001 -20"><span class='ocrx_word' id='word_1_64' title='bbox 570 1340 572 1342; x_wconf 79' lang='grc'>’</span> <span class='ocrx_word' id='word_1_65' title='bbox 661 1353 731 1411; x_wconf 87' lang='lat' dir='ltr'>pe</span> <span class='ocrx_word' id='word_1_66' title='bbox 777 1292 976 1390; x_wconf 57' lang='lat' dir='ltr'>Ze’nith</span> <span class='ocrx_word' id='word_1_67' title='bbox 1040 1331 1228 1409; x_wconf 86' lang='lat' dir='ltr'>polum</span> <span class='ocrx_word' id='word_1_68' title='bbox 1296 1329 1629 1392; x_wconf 80' lang='lat' dir='ltr'>formantibus</span> <span class='ocrx_word' id='word_1_69' title='bbox 1652 1377 1671 1407; x_wconf 83' lang='lat'>‚</span> <span class='ocrx_word' id='word_1_70' title='bbox 1736 1350 1864 1392; x_wconf 87' lang='lat' dir='ltr'>con-</span> 
     </span>
     <span class='ocr_line' id='line_1_14' title="bbox 676 1422 861 1496; baseline -0.012 -18"><span class='ocrx_word' id='word_1_71' title='bbox 676 1422 861 1496; x_wconf 86' lang='lat' dir='ltr'>spicua</span> 
     </span>
    </p>

    <p class='ocr_par' dir='ltr' id='par_1_6' title="bbox 558 1499 1865 1662">
     <span class='ocr_line' id='line_1_15' title="bbox 558 1499 1865 1582; baseline 0.005 -24"><span class='ocrx_word' id='word_1_72' title='bbox 558 1511 640 1561; x_wconf 80' lang='lat'>16</span> <span class='ocrx_word' id='word_1_73' title='bbox 681 1505 889 1576; x_wconf 78' lang='lat' dir='ltr'>vestigia</span> <span class='ocrx_word' id='word_1_74' title='bbox 931 1502 1083 1559; x_wconf 89' lang='lat' dir='ltr'>Lucis</span> <span class='ocrx_word' id='word_1_75' title='bbox 1122 1499 1351 1558; x_wconf 77' lang='lat' dir='ltr'>Borealis</span> <span class='ocrx_word' id='word_1_76' title='bbox 1375 1500 1692 1579; x_wconf 75' lang='lat' dir='ltr'>‚insequente</span> <span class='ocrx_word' id='word_1_77' title='bbox 1724 1500 1865 1582; x_wconf 77' lang='lat' dir='ltr'>prui-</span> 
     </span>
     <span class='ocr_line' id='line_1_16' title="bbox 672 1588 1175 1662; baseline -0.006 -15"><span class='ocrx_word' id='word_1_78' title='bbox 672 1608 739 1647; x_wconf 88' lang='lat' dir='ltr'>na</span> <span class='ocrx_word' id='word_1_79' title='bbox 781 1600 836 1643; x_wconf 88' lang='lat' dir='ltr'>et</span> <span class='ocrx_word' id='word_1_80' title='bbox 877 1589 976 1646; x_wconf 86' lang='lat' dir='ltr'>leui</span> <span class='ocrx_word' id='word_1_81' title='bbox 994 1588 1175 1662; x_wconf 83' lang='lat' dir='ltr'>glacie</span> 
     </span>
    </p>

    <p class='ocr_par' dir='ltr' id='par_1_7' title="bbox 551 1672 1306 1746">
     <span class='ocr_line' id='line_1_17' title="bbox 551 1672 1306 1746; baseline -0.007 -15"><span class='ocrx_word' id='word_1_82' title='bbox 551 1688 626 1746; x_wconf 82' lang='lat'>17</span> <span class='ocrx_word' id='word_1_83' title='bbox 669 1679 757 1733; x_wconf 88' lang='lat' dir='ltr'>lux</span> <span class='ocrx_word' id='word_1_84' title='bbox 799 1673 969 1731; x_wconf 85' lang='lat' dir='ltr'>Borea</span> <span class='ocrx_word' id='word_1_85' title='bbox 1011 1672 1306 1730; x_wconf 80' lang='lat' dir='ltr'>mediocris,</span> 
     </span>
    </p>

    <p class='ocr_par' dir='ltr' id='par_1_8' title="bbox 310 1753 1870 2093">
     <span class='ocr_line' id='line_1_18' title="bbox 310 1753 1866 1834; baseline -0.003 -12"><span class='ocrx_word' id='word_1_86' title='bbox 310 1759 449 1822; x_wconf 86' lang='lat' dir='ltr'>Dee.</span> <span class='ocrx_word' id='word_1_87' title='bbox 546 1778 627 1821; x_wconf 81' lang='lat'>22</span> <span class='ocrx_word' id='word_1_88' title='bbox 674 1764 826 1820; x_wconf 82' lang='lat' dir='ltr'>flante</span> <span class='ocrx_word' id='word_1_89' title='bbox 865 1761 985 1817; x_wconf 82' lang='lat' dir='ltr'>forti</span> <span class='ocrx_word' id='word_1_90' title='bbox 1027 1757 1206 1815; x_wconf 80' lang='lat' dir='ltr'>Borea·</span> <span class='ocrx_word' id='word_1_91' title='bbox 1221 1753 1476 1834; x_wconf 85' lang='lat' dir='ltr'>Zephyro</span> <span class='ocrx_word' id='word_1_92' title='bbox 1492 1802 1508 1832; x_wconf 88' lang='lat'>,</span> <span class='ocrx_word' id='word_1_93' title='bbox 1552 1756 1686 1815; x_wconf 86' lang='lat' dir='ltr'>inter</span> <span class='ocrx_word' id='word_1_94' title='bbox 1705 1758 1866 1819; x_wconf 70' lang='lat' dir='ltr'>nubes</span> 
     </span>
     <span class='ocr_line' id='line_1_19' title="bbox 678 1843 1870 1918; baseline -0.003 -13"><span class='ocrx_word' id='word_1_95' title='bbox 678 1848 781 1906; x_wconf 80' lang='lat' dir='ltr'>visa</span> <span class='ocrx_word' id='word_1_96' title='bbox 844 1848 917 1904; x_wconf 84' lang='lat' dir='ltr'>est</span> <span class='ocrx_word' id='word_1_97' title='bbox 979 1846 1071 1903; x_wconf 84' lang='lat' dir='ltr'>lux</span> <span class='ocrx_word' id='word_1_98' title='bbox 1160 1843 1328 1902; x_wconf 87' lang='lat' dir='ltr'>Borea</span> <span class='ocrx_word' id='word_1_99' title='bbox 1354 1889 1370 1918; x_wconf 92' lang='lat'>,</span> <span class='ocrx_word' id='word_1_100' title='bbox 1456 1849 1870 1903; x_wconf 68' lang='lat' dir='ltr'>antecedentibus</span> 
     </span>
     <span class='ocr_line' id='line_1_20' title="bbox 681 1930 1867 2011; baseline -0.003 -20"><span class='ocrx_word' id='word_1_101' title='bbox 681 1934 1018 2011; x_wconf 87' lang='lat' dir='ltr'>praecedente</span> <span class='ocrx_word' id='word_1_102' title='bbox 1059 1931 1148 1988; x_wconf 88' lang='lat' dir='ltr'>die</span> <span class='ocrx_word' id='word_1_103' title='bbox 1211 1930 1633 1988; x_wconf 84' lang='lat' dir='ltr'>coruscationibus</span> <span class='ocrx_word' id='word_1_104' title='bbox 1698 1930 1867 1987; x_wconf 70' lang='lat' dir='ltr'>versus</span> 
     </span>
     <span class='ocr_line' id='line_1_21' title="bbox 653 2016 1863 2093; baseline -0.005 -15.868"><span class='ocrx_word' id='word_1_105' title='bbox 653 2022 892 2078; x_wconf 81' lang='lat' dir='ltr'>Austro-</span> <span class='ocrx_word' id='word_1_106' title='bbox 897 2016 1249 2093; x_wconf 84' lang='lat' dir='ltr'>Zephyrum,</span> <span class='ocrx_word' id='word_1_107' title='bbox 1287 2031 1342 2072; x_wconf 86' lang='lat' dir='ltr'>et</span> <span class='ocrx_word' id='word_1_108' title='bbox 1389 2016 1670 2090; x_wconf 85' lang='lat' dir='ltr'>insequente</span> <span class='ocrx_word' id='word_1_109' title='bbox 1724 2017 1863 2073; x_wconf 81' lang='lat' dir='ltr'>niue.</span> 
     </span>
    </p>

    <p class='ocr_par' dir='ltr' id='par_1_9' title="bbox 566 2102 1674 2179">
     <span class='ocr_line' id='line_1_22' title="bbox 566 2102 1674 2179; baseline -0.005 -16"><span class='ocrx_word' id='word_1_110' title='bbox 566 2120 642 2179; x_wconf 79' lang='lat'>23</span> <span class='ocrx_word' id='word_1_111' title='bbox 690 2106 780 2163; x_wconf 92' lang='lat' dir='ltr'>lux</span> <span class='ocrx_word' id='word_1_112' title='bbox 821 2102 991 2160; x_wconf 85' lang='lat' dir='ltr'>Borea</span> <span class='ocrx_word' id='word_1_113' title='bbox 1037 2106 1089 2159; x_wconf 89' lang='lat' dir='ltr'>in</span> <span class='ocrx_word' id='word_1_114' title='bbox 1132 2102 1355 2176; x_wconf 65' lang='lat' dir='ltr'>perfecta</span> <span class='ocrx_word' id='word_1_115' title='bbox 1398 2103 1674 2158; x_wconf 87' lang='lat' dir='ltr'>serenitate.</span> 
     </span>
    </p>

    <p class='ocr_par' dir='ltr' id='par_1_10' title="bbox 90 2182 1870 2522">
     <span class='ocr_line' id='line_1_23' title="bbox 149 2182 1869 2268; baseline -0.004 -16"><span class='ocrx_word' id='word_1_116' title='bbox 149 2182 152 2186; x_wconf 13' lang='grc' dir='ltr'><em>Δ</em></span> <span class='ocrx_word' id='word_1_117' title='bbox 241 2187 293 2258; x_wconf 66' lang='grc' dir='ltr'><strong>ξ</strong></span> <span class='ocrx_word' id='word_1_118' title='bbox 323 2208 382 2262; x_wconf 86' lang='lat'>4</span> <span class='ocrx_word' id='word_1_119' title='bbox 427 2184 601 2251; x_wconf 82' lang='lat' dir='ltr'>Prima</span> <span class='ocrx_word' id='word_1_120' title='bbox 643 2191 927 2268; x_wconf 83' lang='lat' dir='ltr'>congelatio</span> <span class='ocrx_word' id='word_1_121' title='bbox 969 2190 1100 2246; x_wconf 68' lang='lat' dir='ltr'>taeta</span> <span class='ocrx_word' id='word_1_122' title='bbox 1145 2188 1217 2244; x_wconf 89' lang='lat' dir='ltr'>est</span> <span class='ocrx_word' id='word_1_123' title='bbox 1239 2188 1342 2252; x_wconf 90' lang='lat' dir='ltr'>hoc</span> <span class='ocrx_word' id='word_1_124' title='bbox 1367 2204 1504 2244; x_wconf 87' lang='lat' dir='ltr'>auno</span> <span class='ocrx_word' id='word_1_125' title='bbox 1544 2190 1596 2243; x_wconf 91' lang='lat' dir='ltr'>d.</span> <span class='ocrx_word' id='word_1_126' title='bbox 1624 2192 1666 2242; x_wconf 89' lang='lat'>6</span> <span class='ocrx_word' id='word_1_127' title='bbox 1698 2185 1869 2245; x_wconf 67' lang='lat'>06:0-</span> 
     </span>
     <span class='ocr_line' id='line_1_24' title="bbox 94 2270 1870 2353; baseline -0.002 -21"><span class='ocrx_word' id='word_1_128' title='bbox 94 2275 235 2345; x_wconf 73' lang='lat' dir='ltr'>bri5‚</span> <span class='ocrx_word' id='word_1_129' title='bbox 275 2280 423 2332; x_wconf 84' lang='lat' dir='ltr'>coelo</span> <span class='ocrx_word' id='word_1_130' title='bbox 465 2281 679 2353; x_wconf 87' lang='lat' dir='ltr'>nubilo,</span> <span class='ocrx_word' id='word_1_131' title='bbox 726 2279 867 2336; x_wconf 84' lang='lat' dir='ltr'>nullo</span> <span class='ocrx_word' id='word_1_132' title='bbox 910 2288 1072 2333; x_wconf 83' lang='lat' dir='ltr'>vento</span> <span class='ocrx_word' id='word_1_133' title='bbox 1136 2274 1368 2350; x_wconf 86' lang='lat' dir='ltr'>spirante.</span> <span class='ocrx_word' id='word_1_134' title='bbox 1437 2270 1675 2348; x_wconf 87' lang='lat' dir='ltr'>Contigit</span> <span class='ocrx_word' id='word_1_135' title='bbox 1742 2289 1870 2346; x_wconf 86' lang='lat' dir='ltr'>ergo</span> 
     </span>
     <span class='ocr_line' id='line_1_25' title="bbox 93 2359 1869 2438; baseline -0.003 -19"><span class='ocrx_word' id='word_1_136' title='bbox 93 2361 219 2419; x_wconf 86' lang='lat' dir='ltr'>haec</span> <span class='ocrx_word' id='word_1_137' title='bbox 248 2363 432 2434; x_wconf 84' lang='lat' dir='ltr'>prima</span> <span class='ocrx_word' id='word_1_138' title='bbox 473 2367 764 2438; x_wconf 85' lang='lat' dir='ltr'>congelatio</span> <span class='ocrx_word' id='word_1_139' title='bbox 803 2365 886 2420; x_wconf 85' lang='lat' dir='ltr'>die</span> <span class='ocrx_word' id='word_1_140' title='bbox 927 2360 1264 2438; x_wconf 84' lang='lat' dir='ltr'>plenilunium</span> <span class='ocrx_word' id='word_1_141' title='bbox 1319 2359 1610 2436; x_wconf 89' lang='lat' dir='ltr'>insequente</span> <span class='ocrx_word' id='word_1_142' title='bbox 1631 2403 1650 2432; x_wconf 85' lang='lat'><em>,</em></span> <span class='ocrx_word' id='word_1_143' title='bbox 1713 2372 1770 2415; x_wconf 91' lang='lat' dir='ltr'>et</span> <span class='ocrx_word' id='word_1_144' title='bbox 1809 2359 1869 2415; x_wconf 85' lang='lat' dir='ltr'>in</span> 
     </span>
     <span class='ocr_line' id='line_1_26' title="bbox 90 2447 1272 2522; baseline 0.003 -19"><span class='ocrx_word' id='word_1_145' title='bbox 90 2464 195 2522; x_wconf 89' lang='lat' dir='ltr'>quo</span> <span class='ocrx_word' id='word_1_146' title='bbox 239 2447 384 2503; x_wconf 78' lang='lat' dir='ltr'>simul</span> <span class='ocrx_word' id='word_1_147' title='bbox 426 2461 533 2503; x_wconf 88' lang='lat' dir='ltr'>erat</span> <span class='ocrx_word' id='word_1_148' title='bbox 579 2468 641 2507; x_wconf 70' lang='lat' dir='ltr'>m</span> <span class='ocrx_word' id='word_1_149' title='bbox 672 2452 728 2511; x_wconf 80' lang='grc' dir='ltr'>Ε)</span> <span class='ocrx_word' id='word_1_150' title='bbox 759 2450 821 2515; x_wconf 67' lang='lat' dir='ltr'>b.</span> <span class='ocrx_word' id='word_1_151' title='bbox 1266 2470 1272 2477; x_wconf 71' lang='lat'><em>‘</em></span> 
     </span>
    </p>

    <p class='ocr_par' dir='ltr' id='par_1_11' title="bbox 93 2528 1875 2950">
     <span class='ocr_line' id='line_1_27' title="bbox 255 2528 1867 2606; baseline -0.006 -14"><span class='ocrx_word' id='word_1_152' title='bbox 255 2534 298 2599; x_wconf 72' lang='lat'>§-</span> <span class='ocrx_word' id='word_1_153' title='bbox 332 2547 384 2600; x_wconf 85' lang='lat'>5.</span> <span class='ocrx_word' id='word_1_154' title='bbox 435 2533 734 2591; x_wconf 86' lang='lat' dir='ltr'>Maximum</span> <span class='ocrx_word' id='word_1_155' title='bbox 801 2533 957 2606; x_wconf 84' lang='lat' dir='ltr'>frigus</span> <span class='ocrx_word' id='word_1_156' title='bbox 1017 2531 1166 2589; x_wconf 89' lang='lat' dir='ltr'>huius</span> <span class='ocrx_word' id='word_1_157' title='bbox 1226 2530 1345 2587; x_wconf 85' lang='lat' dir='ltr'>anni</span> <span class='ocrx_word' id='word_1_158' title='bbox 1414 2530 1588 2587; x_wconf 87' lang='lat' dir='ltr'>incidit</span> <span class='ocrx_word' id='word_1_159' title='bbox 1631 2531 1683 2585; x_wconf 85' lang='lat' dir='ltr'>in</span> <span class='ocrx_word' id='word_1_160' title='bbox 1726 2528 1778 2584; x_wconf 91' lang='lat' dir='ltr'>d.</span> <span class='ocrx_word' id='word_1_161' title='bbox 1826 2530 1867 2593; x_wconf 81' lang='lat'>7&#39;</span> 
     </span>
     <span class='ocr_line' id='line_1_28' title="bbox 93 2614 1874 2689; baseline -0.006 -12"><span class='ocrx_word' id='word_1_162' title='bbox 93 2614 406 2677; x_wconf 79' lang='lat' dir='ltr'>Decembris</span> <span class='ocrx_word' id='word_1_163' title='bbox 435 2664 448 2689; x_wconf 84' lang='lat'>‚</span> <span class='ocrx_word' id='word_1_164' title='bbox 498 2622 806 2678; x_wconf 87' lang='lat' dir='ltr'>monstrante</span> <span class='ocrx_word' id='word_1_165' title='bbox 848 2620 1267 2675; x_wconf 73' lang='lat' dir='ltr'>Tliermometro</span> <span class='ocrx_word' id='word_1_166' title='bbox 1311 2631 1434 2672; x_wconf 87' lang='lat' dir='ltr'>meo</span> <span class='ocrx_word' id='word_1_167' title='bbox 1478 2616 1531 2670; x_wconf 92' lang='lat' dir='ltr'>in</span> <span class='ocrx_word' id='word_1_168' title='bbox 1566 2615 1726 2671; x_wconf 83' lang='lat' dir='ltr'>libero</span> <span class='ocrx_word' id='word_1_169' title='bbox 1758 2615 1874 2668; x_wconf 85' lang='lat' dir='ltr'>a&#39;e‘re</span> 
     </span>
     <span class='ocr_line' id='line_1_29' title="bbox 97 2698 1873 2780; baseline -0.005 -18"><span class='ocrx_word' id='word_1_170' title='bbox 97 2701 225 2758; x_wconf 72' lang='lat' dir='ltr'>hora</span> <span class='ocrx_word' id='word_1_171' title='bbox 279 2718 352 2755; x_wconf 91' lang='lat'>10</span> <span class='ocrx_word' id='word_1_172' title='bbox 398 2706 642 2763; x_wconf 73' lang='lat' dir='ltr'>noemma</span> <span class='ocrx_word' id='word_1_173' title='bbox 692 2728 714 2764; x_wconf 87' lang='lat'>1</span> <span class='ocrx_word' id='word_1_174' title='bbox 737 2717 808 2766; x_wconf 83' lang='lat'>88</span> <span class='ocrx_word' id='word_1_175' title='bbox 856 2703 1222 2780; x_wconf 79' lang='lat' dir='ltr'>gradus,s1ue</span> <span class='ocrx_word' id='word_1_176' title='bbox 1273 2709 1372 2770; x_wconf 73' lang='lat'>13}</span> <span class='ocrx_word' id='word_1_177' title='bbox 1427 2701 1608 2773; x_wconf 84' lang='lat' dir='ltr'>gradus</span> <span class='ocrx_word' id='word_1_178' title='bbox 1672 2698 1873 2774; x_wconf 84' lang='lat' dir='ltr'>frigoris</span> 
     </span>
     <span class='ocr_line' id='line_1_30' title="bbox 100 2783 1875 2861; baseline -0.002 -19"><span class='ocrx_word' id='word_1_179' title='bbox 100 2787 515 2847; x_wconf 83' lang='lat' dir='ltr'>Thermometro</span> <span class='ocrx_word' id='word_1_180' title='bbox 560 2794 1025 2860; x_wconf 71' lang='lat' dir='ltr'>Fnhrenheitiano,</span> <span class='ocrx_word' id='word_1_181' title='bbox 1072 2790 1121 2844; x_wconf 89' lang='lat' dir='ltr'>in</span> <span class='ocrx_word' id='word_1_182' title='bbox 1171 2787 1389 2861; x_wconf 68' lang='lat' dir='ltr'>perfecta</span> <span class='ocrx_word' id='word_1_183' title='bbox 1458 2785 1729 2841; x_wconf 86' lang='lat' dir='ltr'>serenitate</span> <span class='ocrx_word' id='word_1_184' title='bbox 1780 2783 1875 2840; x_wconf 88' lang='lat' dir='ltr'>ali-</span> 
     </span>
     <span class='ocr_line' id='line_1_31' title="bbox 105 2873 1874 2951; baseline -0.008 -11"><span class='ocrx_word' id='word_1_185' title='bbox 105 2887 234 2950; x_wconf 72' lang='lat' dir='ltr'>quot</span> <span class='ocrx_word' id='word_1_186' title='bbox 277 2875 512 2951; x_wconf 70' lang='lat' dir='ltr'>dierum,</span> <span class='ocrx_word' id='word_1_187' title='bbox 557 2879 709 2941; x_wconf 76' lang='lat' dir='ltr'>fiante</span> <span class='ocrx_word' id='word_1_188' title='bbox 752 2878 850 2938; x_wconf 81' lang='lat' dir='ltr'>leui</span> <span class='ocrx_word' id='word_1_189' title='bbox 889 2876 1095 2934; x_wconf 84' lang='lat' dir='ltr'>Austro·</span> <span class='ocrx_word' id='word_1_190' title='bbox 1101 2874 1264 2935; x_wconf 81' lang='lat' dir='ltr'>Euro.</span> <span class='ocrx_word' id='word_1_191' title='bbox 1349 2873 1621 2933; x_wconf 73' lang='lat' dir='ltr'>Praeterea</span> <span class='ocrx_word' id='word_1_192' title='bbox 1671 2882 1874 2947; x_wconf 81' lang='lat' dir='ltr'>quoque</span> 
     </span>
    </p>
   </div>
   <div class='ocr_carea' id='block_1_5' title="bbox 187 2955 1855 3027">
    <p class='ocr_par' dir='ltr' id='par_1_12' title="bbox 187 2955 1855 3027">
     <span class='ocr_line' id='line_1_32' title="bbox 187 2955 1855 3027; baseline 0.004 -6"><span class='ocrx_word' id='word_1_193' title='bbox 187 2955 335 3021; x_wconf 79' lang='lat' dir='ltr'>Tom</span> <span class='ocrx_word' id='word_1_194' title='bbox 379 2961 495 3025; x_wconf 86' lang='grc' dir='ltr'>ΧΙ</span> <span class='ocrx_word' id='word_1_195' title='bbox 880 2962 934 3023; x_wconf 82' lang='lat' dir='ltr'>K</span> <span class='ocrx_word' id='word_1_196' title='bbox 976 2958 1015 3023; x_wconf 80' lang='lat' dir='ltr'><strong>k</strong></span> <span class='ocrx_word' id='word_1_197' title='bbox 1740 2956 1793 3015; x_wconf 77' lang='lat' dir='ltr'>d·</span> <span class='ocrx_word' id='word_1_198' title='bbox 1823 2965 1855 3027; x_wconf 80' lang='lat'>5</span> 
     </span>
    </p>
   </div>
  </div>
 </body>
</html>
