2378 3564
199 173 548 245 DISSERT.
592 177 704 236 DE
747 174 1131 234 MACHJNJS
1175 137 1657 235 siMfflchVS.
1753 134 1872 244 2747

119 337 282 407 teria,
340 334 542 388 extensa
598 345 772 385 tamen
831 330 1122 401 plerumque
1178 330 1362 384 debent
1417 330 1509 385 elie
1538 373 1553 399 ,
1599 343 1660 384 vt
1705 328 1757 384 in
1800 329 1875 385 di-

118 422 266 477 uersis
303 437 480 475 eorum
528 417 646 472 locis
690 416 940 487 potentias
982 428 1162 485 queant
1208 418 1444 487 recipere.
1537 416 1699 470 Erunt
1726 416 1878 487 igitur

117 506 317 562 extenfit
361 505 508 560 omni
553 502 758 557 materia
803 499 1033 552 destituta
1060 543 1073 567 ,
1121 499 1219 552 hoc
1265 501 1336 554 est
1362 544 1374 568 ,
1418 502 1711 572 quantitates
1735 498 1878 555 Geo-

115 592 358 648 metricae
385 634 399 660 ,
443 591 599 645 lineae
643 600 833 656 nempe
878 583 1157 656 superficies
1202 596 1252 636 et
1297 599 1505 655 corpora
1533 581 1880 656 Geometrica,

115 694 221 734 non
246 675 447 732 excluso
471 676 621 730 etiam
650 670 857 744 punc‘to.

276 818 322 883 (5.
351 819 409 868 6.
468 813 562 868 His
616 812 822 868 obieffis
877 807 1222 866 Geometricis
1289 808 1533 883 applicari
1576 810 1745 881 potest
1785 829 1881 884 po-

116 903 271 958 tentia
318 901 406 956 vel
445 917 591 972 vna,
637 917 761 971 qnae
807 916 929 953 vero
984 910 1103 950 cnm
1151 908 1354 951 motum
1410 895 1675 949 necessario
1717 897 1881 952 direc-

115 990 243 1042 tioni
287 987 401 1042 snae
446 987 832 1040 conuenientem
882 983 1165 1058 producat,
1207 981 1475 1037 Machinae
1517 982 1881 1055 inueniendae,

114 1074 305 1144 quippe
351 1089 476 1145 quae
521 1071 865 1141 aequilibrium
911 1070 1137 1140 requirit,
1180 1066 1365 1120 inutilis
1406 1068 1557 1135 plane
1595 1069 1717 1120 erit.
1768 1069 1883 1123 Pos-

114 1157 229 1210 sunt
283 1175 442 1229 porro
495 1154 717 1208 adhiberi
772 1155 1028 1223 potentiae
1091 1152 1262 1222 duae,
1319 1148 1400 1200 sed
1452 1151 1518 1203 de
1575 1150 1653 1204 his
1695 1165 1881 1208 notum

113 1241 185 1295 est
226 1258 294 1296 ex
339 1240 534 1298 Staticis
559 1281 574 1307 ,
627 1237 761 1307 quod
819 1234 1167 1308 aequilibrium
1236 1234 1439 1307 gignere
1494 1251 1600 1287 non
1657 1237 1842 1306 poss'mt
1867 1282 1882 1307 ,

111 1329 203 1382 nisi
249 1328 340 1382 sint
385 1329 434 1378 in
478 1323 729 1376 directum
776 1325 1053 1376 contrariae
1099 1334 1149 1374 et
1189 1319 1428 1392 aequales.
1529 1317 1693 1375 Cessat
1735 1322 1886 1393 igitur

110 1414 165 1467 in
206 1412 283 1465 his
326 1411 410 1464 illa
455 1410 805 1463 machinarum
854 1409 1174 1479 proprietas,
1217 1423 1312 1477 qua
1352 1408 1638 1476 requiritur,
1681 1420 1741 1460 vt
1784 1420 1884 1462 vna

111 1498 457 1572 potentiarum
515 1494 878 1564 applicatarum
941 1493 997 1544 sit
1048 1491 1200 1544 altera
1254 1491 1468 1562 minor,
1523 1507 1684 1563 neque
1734 1492 1885 1565 igitur

113 1598 181 1636 ex
224 1580 413 1633 duabus
456 1578 698 1649 potentiis
730 1576 1004 1630 Machinae
1049 1576 1276 1630 inuentio
1320 1574 1496 1647 sperari
1539 1577 1721 1648 potest.
1765 1576 1884 1632 Pos-

114 1665 219 1722 sunt
264 1663 468 1718 vlterius
510 1663 733 1717 adhiberi
779 1664 1036 1734 potentiae
1079 1675 1177 1715 tres
1201 1704 1216 1732 ,
1262 1662 1327 1715 de
1370 1662 1544 1734 quibus
1586 1675 1769 1716 notum
1814 1663 1886 1719 est

116 1768 186 1806 ex
253 1748 449 1804 Staticis
475 1792 489 1817 ,
557 1766 636 1802 eas
672 1790 687 1818 ,
759 1748 984 1820 quamuis
1063 1747 1345 1819 inaequales
1371 1789 1386 1816 ‚
1468 1748 1537 1802 ita
1606 1748 1886 1821 temperari

115 1849 167 1890 et
221 1834 603 1890 accommodari
671 1849 835 1889 tamen
906 1835 1042 1906 posse
1078 1877 1093 1903 ,
1163 1845 1221 1888 vt
1287 1833 1371 1888 sub
1427 1834 1617 1888 diuersa
1683 1836 1887 1907 magni-

113 1922 283 1974 tudine
339 1933 391 1973 et
438 1921 709 1974 intensione
776 1938 944 1974 earum
999 1919 1340 1990 aequilibrium
1397 1919 1722 1974 nihilominus
1787 1919 1886 1975 ser·

110 2016 250 2060 nent.
348 2001 520 2074 Itaque
587 2006 741 2058 trium
812 2007 1151 2076 potentiarum
1218 2005 1550 2060 consideratio
1616 2004 1888 2063 machinae
1961 2034 1967 2039 ·

113 2088 441 2144 inueniendae
490 2089 681 2160 poterit
727 2089 972 2142 inseruire.
1063 2090 1264 2145 Poffunt
1308 2090 1503 2162 insuper
1545 2089 1711 2163 plures
1733 2109 1886 2165 quam

116 2187 218 2227 tres
256 2173 555 2248 potentiae,
587 2175 798 2228 obieeiis
852 2175 1095 2248 applicari
1138 2194 1152 2247 3
1223 2175 1299 2230 sed
1346 2178 1531 2230 iterum
1587 2188 1770 2231 notum
1816 2178 1888 2234 est

116 2271 187 2311 ex
231 2250 425 2311 Staticis
468 2261 599 2329 qued
626 2304 640 2328 ,
698 2261 920 2332 pluribus
974 2262 1218 2332 potentiis
1269 2263 1334 2316 in*
1367 2263 1554 2316 eodem
1614 2262 1770 2333 plano
1812 2267 1888 2318 ei·

117 2342 239 2396 dem
284 2342 493 2395 obiesto
537 2345 788 2415 applicatis
813 2389 828 2414 ,
873 2347 1091 2400 substitui
1136 2347 1284 2417 possit
1326 2347 1526 2418 semper
1572 2349 1720 2401 vnica
1765 2351 1879 2404 dua-

118 2426 210 2483 bus
231 2427 478 2498 quibusuis
521 2429 868 2502 aequitialens·⁷
917 2433 1102 2503 poterit
1146 2432 1314 2503 itaque
1351 2432 1624 2502 applicatio
1667 2434 1886 2504 plurium

118 2514 461 2584 potentiarum
518 2514 714 2585 semper
771 2517 934 2569 reduci
990 2517 1052 2570 ad
1107 2516 1248 2570 illum
1305 2515 1467 2570 casnm
1497 2560 1510 2585 ,
1566 2535 1669 2588 quo
1712 2527 1884 2572 earum

117 2609 215 2651 tres
281 2610 477 2652 tantum
547 2599 753 2669 adsunt,
815 2614 870 2654 vt
924 2601 1094 2673 itaque
1148 2601 1262 2655 huic
1319 2601 1405 2654 soli
1454 2602 1582 2654 casui
1632 2606 1900 2672 potentia-⁴

117 2699 232 2737 rum
282 2685 431 2737 trium
478 2685 747 2739 debeamus
790 2686 1003 2741 infistere
1030 2729 1045 2759 ,
1090 2701 1141 2740 et
1189 2688 1354 2740 videre
1382 2731 1396 2756 ,
1456 2688 1573 2759 quid
1613 2683 1887 2745 ¹machina-

121 2784 234 2823 rum
281 2769 464 2823 exinde
510 2769 740 2842 sequatur.
1829 2771 1837 2776 ’

915 2870 1144 2941 Mm3
1757 2872 1887 2942 §.7.
