2378 3564
635 258 656 275 ⁰
694 320 720 326 ,,
786 255 1401 345 »›},01÷(0)1}103⁴55z544
1454 276 1500 327 ,ἰ
1776 273 1908 337 ‘205

607 404 1056 468 DESCRIPTIO
1096 408 1198 464 ET
1213 439 1216 442 >
1242 400 1433 464 ICON

176 495 589 587 NOVAE
619 499 1424 583 BERMVDIANAE
1451 491 1862 584 SPECIEL

896 621 1160 663 Avcronss

775 691 968 754 Ioanne
1013 694 1253 751 Amman.

215 883 325 928 nter
367 886 446 927 res
487 866 724 927 naturales
768 867 930 943 plures
952 913 967 941 ,
1015 885 1136 943 quas
1178 870 1245 928 R.
1274 868 1344 926 R.
1371 868 1429 925 P.
1453 867 1512 923 P.
1536 862 1803 927 societatis
1826 866 1910 928 Ie-

257 957 308 1015 su
351 958 540 1013 Pekino
583 954 799 1012 Sinensis
842 955 1052 1028 Imperii
1100 953 1286 1028 Capite
1327 954 1389 1009 ad
1439 953 1780 1011 Academiam
1815 956 1913 1011 Pe-

142 1044 508 1115 tropolitanam
553 1054 666 1098 ante
712 1042 902 1113 aliquot
942 1057 1094 1096 anuos
1142 1040 1384 1095 miserunt
1410 1084 1426 1111 ‚
1492 1039 1684 1095 semina
1751 1038 1915 1097 etiam

138 1140 286 1183 erant
327 1127 534 1200 globosa
577 1141 632 1179 et
673 1126 916 1180 aterrima
957 1123 1125 1180 YEN
1171 1121 1392 1178 TSCHI
1443 1123 1593 1177 titulo
1661 1124 1910 1195 insignita.

139 1211 283 1267 Haec
309 1226 471 1266 terrae
514 1209 680 1266 calore
723 1209 894 1279 equini
939 1207 1168 1261 stercoris
1210 1206 1404 1278 tepenti
1453 1204 1606 1261 Iunio
1647 1207 1816 1261 menie
1857 1211 1911 1266 in

138 1295 296 1352 horto
339 1296 657 1352 Academico
697 1292 952 1347 commisi.
1040 1288 1196 1346 Breui
1240 1290 1492 1364 temporis
1554 1284 1713 1364 spatio
1769 1293 1914 1347 exin-

137 1382 205 1438 de
248 1380 592 1437 enascebantur
633 1377 835 1451 plantae
882 1375 1075 1433 Iridum
1121 1376 1394 1432 iunioribus
1446 1376 1734 1433 admodum
1781 1377 1915 1435 simi-

138 1466 250 1538 le5,'
291 1481 418 1539 quae
462 1463 694 1520 fictilibus
734 1464 925 1518 inditae
967 1474 1018 1515 et
1057 1464 1111 1516 in
1156 1460 1492 1530 hybernacula
1536 1460 1723 1532 politae
1762 1462 1915 1532 shye-

138 1569 289 1612 mem
333 1549 566 1622 quamuis
604 1547 815 1619 longam
860 1562 912 1601 et
958 1547 1172 1619 rigidam
1213 1543 1357 1599 facile
1397 1546 1691 1601 tolerabant.

297 1631 534 1707 Sequenti
577 1645 745 1687 autem
790 1647 925 1686 anno
969 1633 1144 1705 primo
1186 1629 1323 1685 Vere
1366 1646 1397 1685 e
1439 1632 1686 1687 radicibus
1730 1631 1915 1693 harum

136 1720 429 1796 plantarum
455 1763 472 1790 ‚
516 1735 642 1793 quae
687 1716 881 1773 Iridurn
927 1717 1140 1773 adinstar
1181 1714 1413 1772 carnossie
1440 1761 1455 1789 ,
1479 1718 1728 1791 oblongae
1751 1733 1805 1775 et
1840 1716 1917 1776 re-

139 1820 320 1881 pentes
362 1803 470 1862 sunt
493 1847 508 1875 ,
547 1820 701 1878 quam
746 1804 992 1878 plurimas
1033 1803 1181 1859 fibras
1220 1801 1396 1876 longas
1418 1847 1433 1875 ‚
1480 1804 1653 1860 crassas
1679 1848 1709 1876 ‚A
1762 1804 1919 1864 luteas

137 1893 425 1947 emittentes
449 1935 465 1962 ‚
500 1891 605 1946 duo
640 1903 739 1945 tres
762 1935 776 1961 ,
812 1904 895 1947 aut
930 1892 1096 1964 plures
1128 1889 1416 1945 oriebantur
1456 1890 1617 1945 caules
1663 1890 1918 1964 bipedales

137 1975 251 2049 plus
274 1978 440 2030 minus
465 2016 481 2043 ‚
505 1992 669 2047 prope
694 1977 912 2032 radicem
939 1976 1124 2033 calami
1147 1975 1332 2031 olorini
1356 1974 1562 2030 craffitie
1586 2019 1602 2047 ‚
1625 1993 1719 2030 nec
1747 1994 1916 2034 com·

136 2059 282 2134 preffi
309 2103 325 2132 ,
376 2075 470 2114 nec
494 2060 609 2114 alati
633 2104 649 2129 ,
673 2074 731 2114 vt
753 2062 806 2115 in
833 2062 939 2117 aliis
961 2063 1104 2117 huius
1141 2062 1332 2134 generis
1354 2061 1604 2136 speciebus
1630 2061 1740 2117 fieri
1766 2062 1919 2135 ωας·

137 2144 221 2200 led
255 2156 434 2206 teretes
473 2145 573 2200 fere
598 2191 614 2217 ,
660 2145 824 2201 laeues
848 2191 864 2218 ,
909 2148 1092 2220 pallide
1126 2149 1344 2201 virentes
1364 2191 1379 2218 ,
1425 2148 1551 2203 octo
1595 2164 1782 2203 nouem
1830 2159 1918 2206 aut

141 2229 324 2285 decem
369 2231 608 2302 geniculis
646 2233 867 2288 distInc'ti
911 2235 973 2289 ad
1023 2235 1210 2288 incerta
1244 2235 1438 2304 prorsus
1477 2234 1770 2289 interualla(

301 2313 516 2386 Singulis
559 2316 691 2371 hisce
735 2320 970 2390 geniculis
1016 2319 1136 2374 folia
1205 2319 1589 2375 adnascebamur
1615 2320 1756 2375 Iridis
1790 2321 1915 2377 hor-

142 2400 288 2455 tensis
316 2443 330 2465 ,
370 2399 606 2455 latifoliae
631 2399 697 2456 C.
725 2401 943 2457 Bauhini
971 2403 1119 2457 valde
1142 2403 1329 2457 similia
1341 2426 1366 2474 3
1382 2405 1547 2460 ,dilute
1587 2405 1805 2476 viridia,
1833 2407 1917 2463 la·

143 2495 196 2540 ta
240 2486 342 2542 basi
385 2486 598 2543 caulium
641 2488 868 2559 genicula
910 2488 1254 2561 amplexanda
1283 2532 1297 2557 ‚
1344 2502 1584 2556 arcuata,
1614 2492 1681 2545 ¹‘in
1735 2492 1912 2547 medio

48 2633 55 2643 x
143 2568 434 2626 sescunciam
479 2584 679 2644 praeter
723 2586 934 2646 propter
987 2574 1084 2629 lata
1111 2618 1125 2644 ‚
1194 2573 1249 2625 in
1296 2573 1642 2630 tenuisfimum
1673 2575 1678 2583 ’
1710 2593 1915 2631 mucro-

132 2661 264 2710 'nem
312 2657 585 2713 terminata
610 2701 625 2728 ,
670 2653 967 2715 'secundum
1040 2658 1408 2730 longitudinem
1458 2660 1616 2714 striata
1641 2660 1678 2728 ,ζ’
1701 2662 1911 2734 glabra,
1913 2679 1919 2707 ;

148 2740 487 2796 confistentiae
531 2744 640 2799 stitis
680 2744 879 2800 firmae
925 2744 1109 2816 Folia,
1153 2760 1279 2817 quae
1319 2746 1448 2800 circa
1489 2748 1718 2800 medium
1764 2749 1913 2805 caulis

150 2825 457 2898 crescebant,
500 2827 571 2884 iis
604 2847 728 2903 quae
770 2849 933 2904 prope
975 2831 1213 2886 radic'em
1246 2842 1321 2889 et
1340 2831 1559 2918 caulium
1603 2831 1915 2892 summitates

148 2910 504 2983 nascebantur,
549 2916 716 2973 multo
756 2929 900 2976 erant
945 2919 1160 2973 maiora.
1786 2937 1792 2947 ³
1910 2942 1913 2946 ·

160 3018 162 3022 ’
230 2956 522 3059 Tom.X1’.
977 3004 1095 3084 Qq
1855 3004 1908 3067 Ε
