2378 3564
443 218 518 276 ις
534 209 567 265 a
652 185 792 262 ons
800 186 1286 258 ERVATIONES
1329 186 2091 264 METEOROLOGIC'AE.

443 359 495 413 d.
551 367 579 420 5
632 354 881 409 Februarii
923 351 1071 424 frigus
1111 350 1177 406 ita
1224 347 1468 404 intensum
1513 348 1749 420 regnabat
1774 367 1872 420 ,vt
1893 354 2088 428 spiritus
2109 349 2202 410 vis

439 444 495 498 ni
542 435 761 494 Gallicus
803 439 1071 497 ordinarius
1098 479 1114 508 ,
1160 452 1247 508 per
1292 436 1499 490 noctem
1546 437 1701 489 hbero
1739 437 1845 491 ae'ri
1901 440 2154 510 expofitus
2181 481 2198 510 ,

437 526 600 581 trust-„1
646 524 759 579 forti
804 525 1001 597 glaciali
1047 525 1373 578 obduceretur
1399 566 1413 592 ,
1461 520 1582 575 infra
1627 537 1780 588 quam
1829 522 2043 576 crustam
2085 525 2199 580 reli-

443 627 603 685 quum
651 610 843 683 spiritus
884 609 1013 681 quast
1059 608 1375 680 coagulatum
1422 620 1526 660 erat
1552 652 1565 677 ,
1606 606 1752 660 instar
1794 623 1937 660 cerae
1994 608 2181 662 mollis,

603 698 631 760 §
677 703 736 749 6.
784 697 1033 750 Tonitrua
1078 693 1179 747 hoc
1235 710 1373 748 anno
1439 694 1598 746 audita
1666 694 1857 746 fuerunt
1924 691 2093 745 diebus
2133 688 2206 744 se-

444 783 748 856 quentibus:
800 780 1011 852 Aprillis
1055 782 1131 827 26
1178 778 1261 829 die
1303 778 1545 831 nouilunii
1571 822 1588 848 ‚
1629 794 1748 832 cum
1796 777 1960 847 pluuia
1981 775 2132 833 subita
2156 786 2210 832 et

445 869 585 921 bre-u
613 910 628 931 ‚
674 866 824 918 flante
866 864 999 915 tenui
1043 854 1520 931 Austro-Zephyro,
1608 862 1739 916 Maii
1788 874 1823 925 7
1873 879 1994 917 cum
2039 860 2210 932 pluuia

440 949 577 1011 finti.
671 947 804 1002 lunii
854 960 927 1010 23
976 961 1095 1000 cum
1151 944 1318 999 imbre
1387 942 1549 998 subito
1591 956 1643 999 et
1688 942 1807 998 forti
1830 987 1845 1013 ,
1912 947 2064 1000 fiante
2110 945 2211 1002 leui

441 1028 718 1103 Zephyro,
807 1031 939 1086 Iunii
988 1044 1061 1095 27
1108 1030 1226 1085 sme'
1253 1030 1414 1100 pluuia
1460 1041 1512 1083 et
1555 1040 1738 1084 vento,
1826 1027 1962 1084 Iunii
1990 1045 2064 1097 29
2089 1045 2211 1085 cum

443 1117 613 1190 pluuia
656 1115 790 1169 forti.
834 1113 963 1168 Iunii
1013 1127 1089 1176 30
1138 1115 1339 1185 pluente
1379 1114 1540 1168 adhuc
1582 1114 1745 1168 coelo,
1839 1113 1953 1172 Iulii
1985 1127 2059 1180 13
2087 1131 2211 1170 cum

446 1202 587 1266 breui
630 1200 799 1273 pluuia
826 1242 841 1266 ‚
891 1196 1095 1269 Augusti
1147 1214 1171 1250 1
1221 1213 1340 1251 cum
1384 1197 1550 1270 pluuia
1595 1201 1799 1255 modica
1824 1243 1840 1271 ,
1884 1201 2093 1273 Augusti
2132 1211 2206 1267 25

446 1303 569 1342 cum
616 1286 777 1339 imbre
820 1282 998 1356 longo.
1083 1280 1387 1338 Decembris
1435 1298 1505 1334 21
1557 1282 1920 1338 coruscationes
1943 1285 2071 1341 solae
2099 1302 2214 1340 ver-

448 1371 524 1426 fils
575 1371 763 1426 Austro
789 1401 811 1410 -
837 1364 1139 1437 Zephyrum
1207 1366 1572 1421 animaduersae
1660 1365 1765 1421 sunt
1787 1411 1803 1435 ‚
1872 1368 2021 1422 flante
2087 1369 2210 1426 forti

448 1448 707 1524 Zephyro
734 1492 750 1519 ‚
793 1450 845 1503 in
869 1446 1102 1520 sequente
1147 1446 1288 1502 fimul
1311 1447 1470 1499 altero
1503 1449 1583 1500 die
1628 1449 1738 1500 luce
1778 1449 1960 1504 Borea.
2019 1453 2218 1508 Primas

449 1545 654 1609 quoque
719 1533 1008 1590 hirundines
1036 1575 1053 1602 ,
1121 1545 1179 1584 vt
1223 1533 1379 1584 etiam
1446 1527 1549 1582 hoc
1592 1529 1824 1584 adiiciam
1853 1573 1868 1599 ‚
1910 1535 2016 1587 vidi
2060 1538 2212 1606 Apri-

446 1622 509 1677 lis
558 1633 634 1684 30
662 1663 680 1691 ,
721 1624 838 1675 a’c're
880 1616 1127 1675 ex1stente
1170 1613 1392 1687 perfecte
1439 1612 1608 1670 sereno
1631 1657 1646 1686 ,
1687 1624 1741 1669 et
1783 1614 1844 1670 ad
1898 1618 2075 1690 gradus
2133 1620 2218 1686 46

447 1705 846 1763 Thermometri
890 1701 1298 1759 Fahrenheitiani
1352 1699 1547 1756 calente

472 1850 484 1855 „
608 1784 660 1852 ᾧ.
692 1804 750 1857 7.
796 1789 989 1848 Pluuias
1040 1801 1095 1843 et
1140 1788 1302 1845 Niues
1357 1785 1704 1843 aestimatione
1761 1799 1956 1844 tantum
2001 1803 2221 1861 perpen-

447 1877 575 1935 dens
596 1921 613 1948 ‚
660 1877 865 1942 inuenio
888 1919 904 1949 ‚
960 1876 1014 1930 in
1069 1874 1171 1930 hoc
1228 1889 1360 1928 anno
1413 1873 1519 1928 dies
1562 1886 1638 1941 45
1692 1874 1912 1946 integros
1968 1891 2065 1946 pro
2108 1873 2218 1946 plu-

452 1964 598 2020 uiofis
641 1975 696 2017 et
741 1962 923 2017 niuofis
963 1959 1060 2015 effe
1103 1959 1361 2016 habendos
1384 2003 1400 2030 ,
1442 1971 1592 2031 atque
1639 1959 1890 2013 menfium
1935 1957 2106 2012 habita
2142 1973 2221 2012 ra-

456 2049 602 2102 tione
646 2047 866 2119 Iunium·
895 2045 1177 2118 pluuiarum
1221 2043 1354 2097 fuisse
1398 2042 1767 2097 feraciffimum.
1866 2039 2023 2096 Fluuii
2065 2041 2222 2098 nostri

456 2132 636 2190 Neuae
678 2144 906 2187 tumores
945 2131 1148 2201 experti
1200 2126 1365 2180 sumus
1418 2126 1532 2180 Iulii
1590 2142 1662 2178 10
1718 2127 1870 2181 fiante
1923 2125 2224 2186 vehementi

456 2218 647 2274 Austro
666 2251 683 2258 ·
714 2212 965 2286 Zephyro
989 2227 1041 2267 et
1066 2211 1308 2268 Ostobris
1333 2215 1408 2264 26
1434 2211 1583 2266 stmte
1595 2212 1775 2266 leniter
1820 2212 2010 2268 eodem
2037 2225 2219 2268 vento.

619 2300 667 2367 ς.
695 2310 749 2358 8.
795 2300 991 2354 Ventos
1029 2297 1365 2352 vehementes
1401 2297 1595 2368 experti
1637 2297 1802 2351 sumus
1823 2297 1996 2353 diebus
2018 2296 2225 2372 {equen-

463 2384 630 2441 tibus:
698 2383 912 2440 Ianuarii
961 2395 1015 2448 5.
1056 2397 1156 2450 25.
1198 2386 1296 2434 26.
1329 2393 1423 2447 27.
1453 2394 1555 2445 31.
1643 2380 1789 2436 Febr,
1828 2399 1880 2436 1.
1911 2398 1969 2437 2.
1999 2397 2092 2449 13.
2125 2400 2222 2453 14.

467 2474 564 2524 16.
605 2477 699 2526 18.
741 2486 837 2523 22.
880 2484 976 2536 23.
1010 2483 1106 2534 24.
1138 2479 1233 2532 25.
1267 2470 1366 2520 26.
1399 2475 1497 2524 28.
1593 2466 1768 2523 Martii
1817 2481 1874 2534 5.
1901 2461 1961 2524 6.
1995 2483 2221 2523 10.12.

468 2568 566 2622 15.
600 2572 695 2622 19.
744 2568 840 2618 30.
925 2554 1118 2625 Aprilis
1156 2557 1247 2606 16.
1293 2566 1386 2618 17.
1422 2561 1514 2610 18.
1548 2571 1636 2622 19.
1672 2568 1766 2605 22.
1798 2567 1895 2620 27.
1985 2554 2114 2608 Maii
2161 2566 2221 2602 2.

466 2653 523 2705 3.
557 2647 608 2697 8.
646 2657 735 2706 14.
774 2656 866 2706 19.
897 2655 995 2692 22.
1027 2641 1126 2690 26.
1155 2651 1250 2703 27.
1282 2646 1381 2697 28.
1468 2637 1598 2694 Iunii
1624 2655 1681 2706 4.
1714 2655 1831 2704 14..
1895 2636 2006 2690 Iulii
2037 2648 2090 2700 ς.
2122 2650 2218 2689 10.

476 2740 569 2792 14.
606 2738 697 2792 15.
734 2732 829 2779 28.
915 2723 1126 2794 Augusti
1151 2741 1207 2791 9.
1243 2739 1335 2775 11.
1372 2740 1465 2777 20.
1500 2740 1593 2775 22.
1629 2735 1724 2784 23·
1777 2718 2088 2791 Sepsembris
2120 2733 2216 2783 13.

467 2820 569 2878 30.
649 2806 892 2867 Odiobris
919 2823 973 2864 ι.
1017 2816 1067 2870 8.
1101 2824 1166 2879 9.
1210 2823 1309 2866 ιι.
1340 2824 1435 2879 14.
1463 2820 1559 2875 27.
1588 2813 1685 2866 28.
1716 2818 1816 2878 29.
1903 2804 2225 2865 Nouembris

2115 2901 2213 2961 ις.
