2378 3564
868 118 887 168 ‚N

653 267 757 326 ET
800 267 966 330 EIVS
1009 269 1536 339 FRAGMENTIS.
1814 360 1818 361 ἶ
1889 297 2005 355 315

242 409 848 475 “fiust’ffl‘³2‘ltnl'ffi1ubffl'f
875 425 906 487 ’ἰ
931 430 985 492 1)
1032 428 1117 484 Ad
1143 449 1232 502 qut
1275 450 1429 506 quam
1500 433 1632 506 quod
1702 451 2008 509 praeconem

265 500 391 555 haec
445 499 522 554 sua
579 500 856 573 scripserit,
914 523 1019 564 non
1072 513 1140 568 ita
1195 534 1467 575 certantem
1494 519 1721 576 Marium
1750 524 2011 580 Vestritius

268 588 330 641 ad
379 585 601 641 Marium
648 584 845 642 Celsum
891 605 1040 661 puto,
1077 650 1101 664 ,x
1135 598 1183 653 Is
1229 598 1786 665 Galbad‘euerav*f“²m:
1832 622 2006 667 tamen

265 673 445 727 ercitus
489 670 778 727 sollicitauit.
882 675 987 743 (2)
1045 673 1382 742 'l‘ransgreiius
1435 675 1616 728 deinde
1662 676 1723 728 ad
1766 677 2038 731 Othonem

268 775 385 812 cum
433 759 608 814 Annio
652 752 803 810 Gallo
829 797 842 824 ,
892 755 1132 809 Vestritio
1179 754 1472 829 Spurinna,
1516 772 1568 813 et
1608 757 1853 814 Suetonio
1899 762 2041 816 Paul-

264 842 374 897 lino
418 860 494 898 res
535 854 709 897 contra
753 837 1030 896 Caecinam
1077 840 1235 914 geffit.
1336 845 1477 898 Ante
1538 846 1784 918 praelium
1829 848 1890 901 ad
1935 844 2038 901 Be·

263 930 489 984 driacum
544 929 732 984 Marius
787 924 956 982 Celsus
1010 925 1126 982 Cos.
1184 944 1303 983 cum
1361 931 1534 986 ceteris
1591 933 1793 987 ducibus
1856 931 1997 987 senfit
2022 977 2038 1005 ,

261 1016 521 1070 summam
575 1017 643 1068 rei
701 1017 751 1068 in
798 1015 944 1068 vnius
988 1014 1085 1067 diei
1141 1028 1401 1069 certamen
1459 1033 1560 1070 non
1607 1031 1843 1090 oportere
1886 1035 2039 1073 com-

263 1101 423 1153 mitti.
524 1100 577 1153 A
623 1100 814 1170 praelio
868 1106 932 1153 A.
960 1099 1195 1152 Vitellio*
1224 1098 1368 1170 Imp.
1415 1102 1708 1156 conciliatus
1764 1105 1815 1156 in
1869 1104 2033 1175 magi-

259 1184 410 1239 stratu
456 1184 767 1258 permansit,
824 1198 1134 1256 quamquam
1196 1196 1248 1234 et
1292 1185 1520 1254 dignitati
1577 1188 1678 1240 eius
1724 1188 2037 1244 insidiabatur

260 1266 503 1324 Caecilius
546 1266 785 1338 Simplex
826 1278 879 1319 ct
923 1267 1072 1319 vitae.
1163 1263 1266 1340 (3)
1311 1266 1366 1320 Si
1412 1266 1680 1324 Barthium
1728 1272 2036 1342 audias,hic

259 1372 460 1427 quoque
505 1352 786 1424 Spurinnae
832 1350 1028 1406 Marius
1070 1351 1227 1429 quieti
1273 1351 1322 1406 se
1367 1353 1503 1408 dedit
1528 1366 1578 1408 et
1600 1356 1884 1429 voluptati,
1911 1373 2038 1429 quae

250 1457 322 1493 ex
367 1441 478 1493 otio
517 1439 717 1493 liberari
752 1439 824 1490 ab
847 1438 1150 1509 ambitione
1192 1437 1419 1491 seiuncsto
1457 1441 1575 1511 capi
1615 1442 1799 1513 potest.
1889 1442 2034 1499 Nam

250 1526 318 1583 ,ad
363 1543 483 1579 cum
527 1524 628 1577 hoc
676 1520 922 1577 Martialis
965 1523 1282 1591 epigramma
1331 1523 1516 1578 trahit:
1567 1529 1675 1594 (4)

491 1614 673 1677 ‘Mari
700 1659 713 1684 ‚
760 1622 953 1690 quietae
994 1618 1148 1673 -czdtor
1191 1630 1242 1674 et
1281 1636 1437 1675 comes
1477 1622 1622 1675 vitae
1643 1664 1663 1692 .,

498 1704 616 1786 ⁴Quo
657 1706 761 1765 ciue
793 1699 967 1782 prisca
998 1705 1249 1774 gloriatur
1293 1707 1454 1761 Atina
1482 1747 1496 1773 ,

507 1793 630 1855 Has
672 1790 765 1846 tibi
797 1790 1038 1861 gemellas
1064 1835 1078 1859 ,
1123 1791 1335 1846 barbari
1378 1792 1521 1848 decus
1555 1789 1650 1848 luci
1668 1837 1688 1865 ,

502 1876 801 1942 {Conmendo
833 1879 985 1954 pinus
1031 1875 1256 1955 ilicesque
1300 1877 1349 1933 F
1351 1880 1485 1936 azani..

245 1999 342 2062 Sin
389 2008 635 2066 Martialis
691 2016 1011 2086 epigramma
1070 2014 1339 2073 consideres
1367 2063 1381 2089 ,
1427 2032 1532 2072 non
1567 2012 1796 2071 Marium
1825 2010 2028 2070 Celsum

242 2094 556 2151 consularem
589 2143 602 2169 ,
648 2096 727 2153 sed
772 2101 1046 2156 hominem
1094 2105 1355 2159 obscurum
1404 2104 1813 2157 dicitAtinatem
1861 2102 2029 2155 secum

252 2179 573 2239 rusticantem
601 2228 614 2253 ,
661 2202 753 2239 nec
798 2188 1008 2261 dignum
1057 2187 1164 2242 satis
1186 2189 1408 2243 Vestritii
1456 2189 1694 2243 amicitia.
1756 2183 1950 2241 Contra
1974 2203 2030 2240 ea

252 2264 457 2336 opinor,
503 2268 794 2329 Martialem
832 2273 943 2330 xalio
985 2274 1355 2347 epigrammate
1399 2272 1415 2348 (
1433 2273 1498 2349 5‘)
1543 2274 1777 2328 vellicare
1803 2271 2030 2327 Marium

253 2345 455 2404 Celsum
483 2396 498 2421 ,
553 2367 811 2425 tamquam
859 2358 928 2409 ob
973 2360 1232 2427 pristinam
1291 2363 1590 2430 dignitatem
1637 2377 1666 2411 a
1713 2358 1879 2411 multis
1923 2358 2031 2411 cul-

254 2446 362 2488 tum
406 2437 664 2493 clientibus
705 2452 762 2496 vt
807 2439 1079 2494 hominem
1126 2443 1380 2513 nobilem,
1427 2458 1478 2498 at
1524 2445 1718 2498 fortuna
1765 2444 1918 2511 tenui,
1945 2453 2029 2496 aut

248 2522 463 2576 modicis
507 2524 560 2578 iu
607 2525 825 2597 opibuS,
872 2544 995 2598 quae
1041 2541 1151 2582 tum
1201 2530 1304 2581 iam
1354 2542 1614 2602 paupertas
1659 2530 1865 2585 Romae
1909 2545 2029 2583 cen*

247 2603 477 2680 sebatur,
522 2623 574 2664 et
598 2626 658 2667 vt
693 2613 916 2690 partium
962 2613 1211 2668 vic'tarum
1255 2615 1458 2668 ducem.

1039 2700 1142 2754 Rr
1193 2720 1224 2753 2
1907 2699 2025 2759 Nec

267 2776 2032 2855 ‘iffi-mmmmm

183 2910 203 2914 .,
238 2844 349 2895 —2.li,
362 2864 397 2892 ς.
410 2854 441 2893 6
450 2865 490 2895 0.
551 2856 612 2901 (4)
647 2853 677 2895 1:
693 2855 743 2894 X.
762 2867 835 2908 92.
896 2860 955 2906 (5)
991 2857 1017 2897 1-.
1041 2858 1085 2900 X,
1104 2858 1166 2912 qui
1188 2857 1277 2897 liber
1302 2858 1418 2899 editus
1453 2860 1503 2900 est
1521 2860 1680 2899 Traiano
1709 2861 1804 2912 Imp.
1825 2860 1936 2913 epigr.
1954 2870 2034 2911 92·
