2378 3564
337 270 642 337 ORDINV
642 268 716 336 M
761 265 996 334 ARCHI
999 262 1555 339 TECTONICORV
1550 273 1639 336 M.
1814 297 1844 336 2
1854 297 1892 351 9
1900 291 1934 349 ς

179 446 350 490 merus
389 432 700 505 compositus
746 446 779 486 2
807 473 823 500 ,
872 445 905 495 3
938 468 953 495 ,
995 430 1218 485 constans
1245 440 1327 486 ex
1371 431 1563 486 duobus
1608 434 1823 488 numeris
1845 430 1950 505 pri-

178 520 315 572 mis:
363 518 513 572 habet
558 520 598 572 is
641 516 870 572 diuisores
913 512 1195 585 sequentes,
1258 533 1282 567 1
1318 559 1333 584 ,
1382 534 1415 567 2
1445 561 1458 586 ‚
1506 532 1536 580 3
1567 562 1582 587 ,
1627 533 1677 572 et
1723 524 1803 587 6,
1852 536 1948 572 vn-

179 605 244 658 de
290 619 391 657 non
437 604 600 675 plures
642 602 744 656 erui
801 598 1000 671 poffunt
1042 601 1400 670 proportiones
1467 618 1618 672 quam
1688 602 1948 676 sequentes

176 692 438 761 quinque,
494 688 724 757 terminis
787 683 1028 739 omnibus
1070 685 1204 738 inter
1249 684 1295 738 se
1339 687 1688 756 comparum,
1757 705 1948 759 nempe

183 792 367 843 1:1,
421 790 601 843 1:2‚
651 784 833 842 123,
883 773 1157 838 1:6,et
1206 783 1364 834 223.
1466 769 1523 825 Id
1570 773 1708 825 circo
1763 772 1948 827 diuiso-

177 877 291 916 rum
342 858 620 932 quemlibet
663 858 852 930 affigno
894 857 1114 929 partium
1158 857 1429 910 columnae
1473 859 1733 928 principali
1758 859 1903 914 alicui
1931 900 1948 928 ‚

175 962 227 1000 et
270 946 452 1000 deinde
496 945 891 1017 proportionem
938 942 1159 1012 partium
1185 941 1372 995 nullam
1400 941 1554 995 aliam
1577 942 1767 997 affumo
1790 960 1946 1016 quam

175 1033 334 1085 talem
365 1074 380 1100 ,
424 1047 549 1102 quae
598 1045 665 1083 ex
711 1028 981 1083 omnifaria
1047 1025 1314 1082 diuiiorum
1360 1024 1491 1081 faeta
1561 1029 1948 1084 combinatione

175 1114 380 1167 emittm
464 1113 638 1185 Ipsum
709 1131 837 1169 vero
906 1129 1176 1167 numerum
1247 1111 1594 1180 compofitum
1625 1155 1639 1179 ,
1710 1130 1776 1167 ex
1844 1129 1950 1185 quo

173 1199 352 1252 omnia
395 1200 520 1255 haec
558 1197 838 1250 deriuantur
865 1234 880 1260 ‚
927 1210 1066 1247 voco
1107 1194 1359 1249 Canonem
1382 1194 1592 1249 Ordinis
1625 1195 1948 1252 Architec‘i'o-

172 1286 314 1357 nici3
363 1301 429 1339 ex
471 1299 574 1354 quo
615 1280 719 1335 solo
763 1279 982 1334 Ordines
1045 1277 1140 1332 hos
1185 1280 1312 1332 inter
1357 1278 1403 1332 ie
1460 1280 1709 1351 distinguo
1735 1325 1748 1350 ,
1793 1294 1844 1335 et
1887 1283 1945 1338 in

170 1386 272 1442 quo
317 1369 425 1425 solo
468 1364 721 1422 charadter
762 1363 1018 1420 eflentialis
1061 1363 1318 1421 Ordinum
1366 1364 1628 1421 consistere
1675 1367 1896 1422 videtur.

115 1573 118 1574 ⁷
325 1513 373 1578 ξ.
407 1528 499 1563 10.
548 1509 621 1561 Vt
665 1523 792 1560 vero
835 1506 939 1560 hoc
983 1506 1265 1562 institutum
1312 1505 1586 1580 generalius
1642 1506 1941 1584 persequar,

167 1595 363 1651 assumo
428 1609 698 1648 numerum
770 1592 1112 1663 compositum
1157 1611 1205 1649 m
1232 1615 1258 1643 κ
1281 1609 1313 1648 n
1356 1607 1527 1648 ortum
1573 1611 1640 1648 ex
1685 1597 1938 1668 multipli-
1981 1595 1989 1601 ’

169 1681 370 1736 catione
415 1680 631 1733 duorum
678 1694 1008 1731 numerorum
1059 1678 1344 1748 primorum
1391 1690 1516 1734 met
1557 1697 1588 1735 n
1612 1723 1627 1748 ‚
1652 1681 1788 1734 inter
1811 1697 1940 1752 quos
2004 1741 2008 1742 ff

165 1765 227 1822 sit
267 1782 301 1820 n
345 1767 508 1819 maior
550 1781 702 1836 quam
749 1780 816 1818 m.
908 1761 1205 1820 Resoluetur
1247 1763 1330 1819 hic
1377 1782 1614 1821 numerus
1679 1766 1939 1838 composi·

164 1864 242 1906 tus
286 1853 337 1904 in
383 1849 614 1905 diuisores
658 1849 910 1920 sequentes
934 1894 949 1918 ‚
1001 1853 1031 1901 1‘
1063 1892 1076 1914 ‚
1124 1868 1173 1905 m
1198 1895 1212 1922 ‚
1260 1868 1291 1905 n
1316 1896 1329 1922 ‚
1376 1868 1423 1906 m
1447 1868 1478 1906 η
1503 1895 1517 1921 ,
1565 1863 1712 1925 atque
1746 1852 1936 1908 exinde

164 1950 395 1990 eruentur
438 1937 790 2006 proportiones
832 1951 936 1989 non
980 1935 1147 2008 plures
1191 1954 1343 2010 quam
1387 1937 1637 2010 sequentes
1673 1939 1890 2010 quinque
1916 1983 1934 2011 ‚

160 2020 406 2076 nimirum
461 2035 637 2089 111,
688 2037 712 2070 1
750 2040 877 2089 zm,
931 2037 1098 2093 1:72,
1151 2039 1176 2075 1
1214 2041 1387 2093 :mn,
1434 2041 1624 2097 m:n;
1671 2024 1746 2077 Vt
1790 2026 1929 2080 dein-

159 2123 278 2176 ceps
332 2102 604 2173 diuisorum
675 2104 879 2177 quilibet
924 2106 1062 2160 suam
1109 2108 1198 2163 sibi
1265 2111 1654 2165 conuenientem
1726 2121 1931 2182 partem

160 2191 429 2244 columnae
474 2191 808 2262 principalem
857 2192 1197 2250 nancistatur:
1243 2196 1436 2249 assumo
1487 2212 1512 2247 1
1576 2212 1675 2269 pro
1718 2196 1932 2251 modulo

157 2274 425 2329 columnae
450 2319 464 2343 ,
508 2293 556 2351 m
600 2294 695 2347 pro
736 2277 1059 2333 trabeationis
1084 2323 1098 2349 ‚
1143 2297 1174 2333 n
1222 2298 1316 2352 pro
1361 2280 1635 2349 stylobatae
1662 2325 1676 2352 ,
1701 2300 1749 2339 m
1773 2298 1805 2336 n
1843 2298 1933 2336 ve-

160 2377 222 2416 ro
268 2376 362 2431 pro
406 2360 672 2414 columnae
710 2362 1018 2433 longitudine
1043 2407 1058 2433 ‚
1127 2368 1364 2435 quoniam
1411 2382 1480 2419 ex
1523 2368 1708 2439 regulis
1771 2381 1931 2439 gene-

157 2446 337 2500 ralibus
380 2455 517 2515 patet
547 2484 561 2502 ‚
604 2444 923 2500 trabeationis
964 2449 1278 2504 altitudinem
1328 2453 1588 2507 minorem
1616 2453 1795 2507 debere
1831 2451 1928 2506 effe

156 2531 430 2599 stylobatae
495 2530 754 2586 altitudine
779 2575 795 2603 ‚
839 2545 892 2586 et
934 2527 1201 2590 columnae
1265 2535 1583 2592 altitudinem
1654 2552 1926 2610 Vtramque

156 2617 385 2690 priorum
434 2628 491 2669 vt
534 2615 732 2689 superet
758 2661 772 2687 ,
827 2618 1017 2672 necesse
1084 2638 1283 2693 quoque
1326 2621 1438 2676 effe.
1527 2619 1582 2678 Si
1620 2638 1748 2676 vero
1814 2623 1925 2695 quis

156 2703 387 2757 ordinem
433 2699 567 2755 hunc
596 2746 610 2773 ,
651 2715 704 2757 et
748 2702 877 2758 hanc
922 2704 1301 2776 assignationem
1350 2700 1494 2762 malit
1528 2707 1768 2763 inuerfiim
1795 2752 1809 2777 ‚
1843 2711 1917 2764 in·
1980 2746 1991 2756 ·

157 2798 233 2842 ter
275 2785 571 2854 stylobatam
618 2806 810 2860 nempe
853 2802 905 2844 et
951 2792 1319 2847 trabeationem
1349 2837 1363 2863 ,
1388 2792 1517 2847 mihi
1545 2795 1753 2865 perinde
1778 2798 1873 2849 erit
1900 2811 1918 2868 3

153 2872 208 2932 in
253 2886 467 2946 Vtroque
508 2874 650 2932 enim
714 2874 820 2930 casu
862 2875 914 2933 id
954 2876 1175 2934 efficitur
1196 2921 1213 2949 ‚
1279 2890 1341 2932 vt
1384 2891 1548 2952 partes
1616 2879 1921 2954 principales

1299 3013 1340 3029 f*
1373 3036 1385 3039 ⁷,
1449 3038 1453 3039 ⁷
1649 2981 1918 3038 columnae
