2378 3564
434 233 468 272 2
481 228 510 285 5
522 218 560 268 6
647 205 1260 272 OBSERmTlONES
1303 209 1376 266 Μ
1381 210 2034 274 ETEOROLOGICAE.

407 380 550 441 '173
560 389 598 441 9
643 371 791 430 Febr.
886 384 958 440 25
1009 370 1062 425 in
1109 370 1327 445 perfecta
1372 369 1630 426 serenitate
1657 413 1672 439 ,
1717 375 1830 441 post
1873 375 2045 430 niuem
2092 383 2196 429 tur-

1026 458 1283 515 bulentam
1329 456 1718 529 conspiciebatur
1762 455 1847 510 qu
1892 456 2057 515 Borea
2083 505 2097 530 ,
2122 477 2200 522 ar-

1025 562 1089 600 cu
1133 545 1323 618 pallido
1348 588 1362 616 ,
1405 543 1488 598 sed
1532 543 1686 614 virgis
1729 554 1782 594 et
1839 540 2004 595 faculis
2056 561 2201 615 prae-

1029 631 1134 685 dita
1159 675 1174 700 ‚
1218 632 1370 685 flante
1414 629 1644 684 violento
1685 622 2202 700 Borea-Zephyro'et

1031 718 1319 771 continuata
1362 715 1635 770 serenitate.

901 810 978 859 28
1025 802 1206 854 iterum
1266 801 1318 852 in
1361 801 1585 871 perfecta
1652 799 1903 855 serenitate
1971 797 2201 872 apparuit

1036 884 1125 938 lux
1179 883 1339 938 Borea
1409 886 1583 940 debilis
1603 930 1617 955 ,
1685 886 1836 939 flante
1905 876 2202 955 vehementi

1035 965 1479 1041 Borea-Zephyro
1502 1013 1516 1042 ,
1558 983 1609 1025 et
1654 977 1893 1023 manente
1928 969 2202 1024 serenitate.

658 1049 838 1113 Martii
909 1071 935 1107 1
1032 1068 1137 1109 erat
1179 1056 1267 1110 lux
1310 1053 1473 1110 Borea
1500 1099 1516 1126 ,
1585 1055 1736 1127 virgis
1782 1055 2077 1109 inordinatis
2122 1054 2203 1109 lu·-

1023 1141 1147 1195 dens
1172 1184 1187 1211 ‚
1229 1143 1284 1195 in
1328 1141 1546 1212 perfecta
1583 1140 1841 1194 serenitate
1868 1184 1882 1211 ,
1918 1139 2073 1196 flante
2096 1133 2203 1195 Ze-

1034 1226 1205 1298 phyro
1245 1225 1474 1298 sequente
1515 1225 1628 1279 niue
1672 1227 1907 1299 copiosas

902 1328 938 1366 2
1040 1313 1093 1366 in
1134 1310 1350 1384 persteta
1386 1312 1640 1365 serenitate
1667 1354 1681 1380 ‚
1719 1310 1912 1381 *vesperi
1980 1311 2157 1367 oborta
2182 1355 2201 1383 ,

1033 1398 1264 1465 apparuit
1287 1397 1377 1448 lux
1389 1395 1554 1449 Borea
1566 1394 1751 1464 debilis,
1776 1394 2051 1466 insequente
2067 1397 2199 1451 niue.

902 1491 938 1545 3
1029 1480 1196 1532 denuo
1237 1478 1406 1530 aderat
1448 1478 1535 1545 lux
1579 1475 1743 1530 Borea
1768 1480 1945 1532 debilis
1971 1521 1985 1546 ‚
2011 1479 2062 1531 in
2087 1495 2203 1549 per-

1027 1563 1161 1618 festa
1204 1562 1459 1616 serenitate
1485 1605 1500 1632 ‚
1523 1560 1671 1615 fiante
1698 1560 1884 1615 Austro
1910 1603 1925 1630 ,
1948 1560 2201 1633 insequen-

1032 1662 1089 1704 te
1135 1648 1312 1703 nebula
1354 1647 1550 1720 insigni.
2178 1639 2182 1643 ’

908 1755 954 1808 4
1038 1734 1201 1792 adhuc
1247 1739 1479 1807 apparuit
1536 1732 1624 1788 lux
1665 1731 1829 1788 Borea
1895 1729 2070 1786 debilis
2095 1774 2110 1800 ,
2156 1730 2207 1785 in

1032 1822 1251 1897 perfecta
1295 1820 1552 1874 serenitate
1578 1864 1593 1891 ‚
1637 1819 1791 1874 flante
1835 1817 1953 1872 forti
1978 1817 2164 1873 Austro
2187 1859 2205 1890 ,

1032 1923 1083 1964 et
1124 1908 1407 1981 insequente
1454 1908 1571 1963 niue
1613 1905 1914 1962 turbulenta.
2089 1901 2093 1906 ’

898 2002 971 2055 18
1018 1995 1246 2069 apparuit
1289 1993 1379 2048 lux
1423 1990 1590 2047 Borea
1633 1992 1846 2045 nubibus
1900 1987 2160 2060 permixta
2187 2027 2206 2059 ,

1031 2081 1336 2139 Ratisbonae
1384 2095 1580 2150 quoque
1625 2077 1726 2130 visa
1754 2119 1768 2145 ‚
1798 2074 2086 2129 testantibus
2107 2090 2204 2128 no-
2281 2071 2285 2074 ’

1031 2169 1106 2222 vis
1130 2165 1339 2237 publicis
1365 2207 1380 2233 ,
1403 2163 1554 2217 flante
1579 2162 1857 2217 admodum
1886 2161 2020 2214 tenui
2045 2160 2205 2216 Euro,

895 2259 974 2318 30
1021 2252 1074 2306 in
1119 2249 1336 2322 perfecta
1384 2247 1639 2304 serenitate
1662 2291 1677 2318 ‚
1733 2248 1887 2301 flante
1941 2244 2060 2298 forti
2103 2243 2217 2303 Bo·‚

1033 2354 1119 2392 rea
1146 2379 1160 2404 ,
1208 2335 1440 2407 apparuit
1484 2335 1572 2388 lux
1616 2334 1820 2402 Borea,
1865 2330 2075 2387 confusis
2096 2331 2206 2387 vir-

1028 2425 1105 2496 gis
1148 2422 1202 2475 in
1245 2415 1441 2475 'Zenith
1484 2419 1873 2474 ascendentibus.

664 2508 861 2590 Aprilis
908 2527 983 2567 20
1029 2510 1083 2565 in
1127 2507 1381 2563 serenitate
1424 2504 1527 2561 fere
1571 2509 1760 2579 integra
1788 2547 1803 2575 ‚
1862 2506 2028 2587 flante¹
2069 2500 2203 2556 tenui

1039 2595 1230 2653 Austro
1257 2640 1271 2664 ,
1316 2591 1712 2665 conspiciebatur
1753 2592 1845 2646 lux
1887 2589 2050 2644 Borea
2075 2628 2090 2654 ‚
2147 2584 2224 2644 in⁴

1035 2696 1157 2739 toto
1199 2680 1485 2735 Horizonte
1509 2724 1524 2749 ,
1565 2691 1758 2751 praeter
1781 2692 1861 2728 eas
1882 2672 2050 2743 plagas
2084 2683 2202 2740 quas

1030 2767 1368 2840 crepustulum
1412 2776 1625 2839 occupat
1647 2806 1663 2834 ,
1706 2759 1857 2832 virgis
1896 2753 2200 2812 ascendenti-
2267 2809 2278 2818 ,

1038 2853 1131 2909 bus
1174 2849 1447 2908 manistzsta.
2169 2854 2172 2857 ’

2035 2942 2197 3000 1739
