2378 3564
396 309 513 366 372
644 286 1146 377 occVLTATio
1189 287 1540 350 PALimcn
1583 290 1638 344 A
1685 292 1918 352 LVNA.

542 444 729 513 Caffim'
773 443 824 498 in
870 440 1226 497 Commentar.
1261 439 1418 495 Acad.
1450 457 1553 513 reg.
1582 436 1761 494 Scient.
1790 440 1934 494 Paris.
1968 458 2145 513 1717,

391 548 447 604 p.
497 543 639 597 333.
688 529 769 584 ed.
817 527 995 583 Batav.
1042 543 1110 581 ex
1155 527 1536 596 comparatione
1578 523 1691 580 Sirii
1737 543 1855 578 cum
1903 524 2032 577 disco
2065 529 2150 580 Io.

392 615 473 668 vis
517 631 608 684 per
651 615 846 681 tubum·
874 631 975 683 34.
1024 611 1137 684 ped.
1183 613 1493 665 diametrum
1520 623 1851 683 apparentem
1883 606 1993 662 Sirii
2018 609 2155 664 aesti-

391 699 554 752 mauit
601 692 728 768 5,“
771 699 994 769 adeoque
1049 696 1213 750 multo
1272 697 1523 748 maiorem
1594 695 1843 748 diametro
1911 693 2158 765 Palilicii,

391 797 517 854 quae
562 783 613 834 in
658 782 1063 853 praecedentibus
1106 772 1176 840 ³2st
1221 781 1421 831 inuenta
1467 780 1553 832 est.
1645 779 1750 833 Etsi
1790 789 1959 830 autem
2029 794 2153 831 con-

394 867 566 920 cedere
612 864 795 936 poffim
824 907 837 931 ‚
881 863 1064 916 discum
1118 859 1231 914 Sirii
1290 878 1458 913 reuera
1482 864 1734 915 maiorem
1761 861 1854 914 effe
1898 860 2153 933 Palilici03

397 964 469 1002 ex
512 947 885 1002 circumstantiis
930 958 1103 999 tamen
1148 946 1503 999 obseruationis
1545 943 1858 1000 Caffinianae
1928 946 2117 1016 colligo
2141 988 2159 1016 ‚

396 1033 700 1087 diametrum
746 1028 855 1085 Sirii
899 1041 1221 1102 apparentem
1269 1029 1422 1082 nimis
1468 1047 1711 1101 magnam
1743 1073 1757 1099 ,
1803 1046 1909 1084 non
1958 1045 2024 1084 ex
2072 1030 2156 1083 de-

397 1116 531 1171 festu
576 1114 932 1171 obseruationis
958 1159 972 1184 ,
1013 1113 1092 1167 sed
1137 1125 1348 1187 propter
1393 1113 1593 1167 luminis
1617 1114 1951 1169 intenfitatem
1980 1159 1992 1183 ,
2020 1113 2160 1166 aesti-

397 1214 592 1256 matam
637 1199 789 1256 fuiffe.
875 1198 1103 1253 Disculus
1146 1197 1334 1250 scilicet
1377 1199 1622 1251 eiusmodi
1669 1197 1803 1250 fixae
1847 1216 1914 1253 ex
1980 1199 2159 1252 eadem

395 1285 537 1340 causa
581 1283 748 1338 auctus
787 1283 983 1337 videtur
1008 1326 1023 1352 ,
1099 1297 1166 1335 ex
1202 1297 1317 1351 ,qua
1385 1279 1499 1335 disci
1566 1280 1702 1335 Iouis
1745 1295 1796 1335 et
1863 1282 2005 1339 lunae
2030 1326 2045 1352 ‚
2105 1282 2158 1336 vi

396 1369 804 1441 praecedentium
832 1409 846 1433 ‚
887 1367 1028 1418 nobis
1072 1365 1286 1417 maiores
1325 1378 1583 1433 apparent.
1650 1364 2002 1435 Augmentum
2057 1365 2159 1421 hoc

396 1452 449 1504 in
493 1449 609 1501 fixis
647 1445 903 1498 fienfibilius
943 1445 1041 1496 effe
1087 1445 1234 1496 debet
1258 1485 1272 1509 ,
1318 1461 1472 1510 quam
1518 1447 1570 1496 in
1613 1446 1739 1498 Ioue
1782 1460 1834 1500 et
1857 1451 1987 1502 luna.
2018 1451 2160 1503 Ima-

397 1548 470 1604 go
514 1531 716 1584 istarum
761 1530 814 1582 in
857 1527 1016 1580 retina
1063 1525 1194 1578 oculi
1243 1524 1454 1593 spatium
1512 1538 1726 1595 occupat
1798 1527 1900 1578 fere
1965 1531 2160 1585 infinite

398 1632 612 1689 paruum
637 1658 652 1685 ‚
696 1612 830 1684 quod
876 1623 932 1665 vt
955 1609 1169 1664 sensibile
1194 1607 1337 1662 nobis
1361 1607 1448 1660 fiat
1473 1649 1488 1676 ‚
1513 1607 1732 1678 speciem
1758 1606 1928 1662 finitae
1964 1613 2165 1682 magni-

399 1701 582 1754 tudinis
605 1742 621 1768 ‚
665 1698 785 1752 licet
828 1696 972 1750 valde
1014 1710 1200 1766 paruae
1227 1739 1243 1763 ,
1284 1691 1464 1745 referre
1512 1693 1673 1747 debet.
1741 1756 1749 1758 ‚
1781 1690 2037 1747 Intenfitas
2089 1693 2166 1749 lu·

397 1786 553 1839 minis
595 1782 728 1837 fixae
755 1825 770 1851 ‚
816 1781 952 1852 quod
993 1778 1241 1852 pundmm
1283 1777 1469 1831 retinae
1512 1776 1623 1832 ferit
1647 1822 1662 1848 ,
1707 1777 1910 1831 motum
1947 1779 2049 1833 eius
2070 1793 2164 1851 per

400 1866 617 1922 sensibile
660 1865 875 1937 spatium
923 1879 1196 1936 propagare
1240 1862 1411 1933 valet„
1475 1861 1592 1916 Hoc
1619 1862 1778 1917 modo
1822 1861 1956 1916 fixae
1993 1863 2162 1918 multo

406 1954 627 2006 maiores
669 1946 912 2021 apparere
958 1950 1181 2016 debent,
1225 1963 1283 2000 ac
1325 1959 1655 2017 apparerent,
1701 1946 1734 2000 fi
1781 1946 1941 2000 dictus
2007 1947 2161 2003 lumi-

404 2036 483 2089 nis
525 2034 733 2089 effestus
776 2033 990 2088 ceffiret.
1082 2031 1232 2087 Idem
1303 2028 1494 2099 Caffini
1567 2028 1927 2084 Commentar.
1998 2031 2162 2085 Acad.

406 2119 539 2190 Reg.
586 2116 775 2171 Scient.
831 2130 1004 2183 1720.
1054 2134 1105 2188 p.
1159 2122 1293 2184 182,
1338 2116 1418 2168 ed.
1467 2113 1582 2167 Bat·
1650 2113 1863 2182 eleganti
1929 2113 2159 2167 obserua-

406 2203 544 2256 tione
588 2201 689 2255 hoc
733 2201 1005 2256 confirmat
1030 2244 1045 2271 ,
1088 2199 1177 2252 vbi
1218 2215 1284 2251 ex
1326 2195 1659 2251 occultatione
1724 2194 1934 2266 duplicis
1999 2195 2165 2250 stellae

412 2305 466 2361 ’γ
515 2287 566 2338 in
607 2286 804 2354 virgine
848 2303 875 2337 a
921 2285 1035 2338 luna
1088 2282 1288 2335 deducit
1313 2324 1327 2349 ,
1383 2281 1686 2333 diametrum
1754 2279 1920 2333 stellae
1986 2280 2164 2334 tertiae

412 2369 766 2440 magnitudinis
789 2411 805 2435 ,
851 2385 955 2441 nor)
999 2366 1220 2420 obstante
1263 2364 1398 2417 lunae
1441 2363 1620 2416 vicinia
1645 2407 1660 2433 ,
1713 2380 1807 2429 30.
1834 2363 2028 2417 vicibus
2051 2380 2165 2419 ma·

406 2454 568 2510 iorem
624 2469 742 2505 vera
805 2442 1076 2523 apparuisse
1141 2461 1349 2520 propter
1411 2447 1613 2501 luminis
1677 2446 1744 2501 sui
1809 2448 2162 2502 intenfitatem.

407 2537 612 2593 Exinde
655 2535 886 2605 colligere
928 2536 1044 2589 licet
1070 2578 1084 2603 ‚
1127 2535 1255 2605 quod
1297 2549 1415 2586 cum
1460 2528 1646 2599 Casfim'
1689 2533 1743 2585 in
1787 2532 2164 2586 determinatio-

411 2639 483 2676 ne·
522 2620 751 2675 diametri
791 2618 906 2673 Sirii
937 2663 950 2689 ,
995 2619 1125 2672 hunc
1172 2616 1446 2670 solitarium
1474 2659 1487 2685 ,
1537 2618 1805 2671 accedente
1854 2616 1990 2670 nullo
2014 2616 2163 2669 lumi-

412 2723 475 2758 ne
520 2705 685 2757 alieno
711 2747 724 2772 ,
771 2720 858 2774 per
901 2704 1075 2757 tubum
1123 2700 1492 2771 contemplatus
1537 2701 1594 2753 sit
1620 2744 1633 2769 ,
1670 2701 1757 2754 iste
1784 2701 1930 2752 nimis
1954 2702 2161 2767 magnu's

409 2789 496 2858 ipsi
539 2804 776 2859 apparere
819 2788 1087 2859 debuerit3
1132 2797 1189 2839 vt
1230 2786 1358 2838 adeo
1402 2785 1641 2838 diameter
1682 2783 1794 2837 Sirii
1847 2779 2010 2834 multo
2057 2780 2159 2833 mi-

411 2886 500 2924 nor
552 2865 634 2935 5⁰
678 2870 913 2926 centenda
955 2872 1029 2927 sit.
1120 2870 1420 2926 Econtrario
1463 2870 1515 2921 in
1569 2865 1806 2938 praesenti
1849 2865 2160 2918 determina-

2014 2958 2156 3003 tione
