2378 3564
224 258 277 316 Α
302 252 531 314 MOTV
566 248 774 324 LVcrs
799 245 1254 307 SVCCESSJJJ'O
1282 203 1707 305 oizrVNTVR.
1804 264 1832 302 1
1844 264 1873 316 ς
1889 266 1914 301 1

178 408 288 462 dios
332 405 448 461 lucis
492 407 686 464 circiter
734 414 783 461 8.
830 406 1019 474 minuta
1063 405 1229 476 prima
1274 402 1565 474 impendere
1588 402 1647 456 ad
1675 401 1883 474 spatium
1910 446 1927 472 ,

181 492 314 563 quod
349 494 471 546 inter
510 492 664 546 solem
702 503 750 543 et
775 501 960 542 terram
1008 491 1261 541 interiacet
1305 483 1712 559 percurrendum.
1760 488 1927 561 Quare

176 577 211 633 fi
257 578 531 649 parallaxin
575 575 684 631 solis
728 572 1100 628 horizontalem
1146 572 1502 623 affummamus
1549 587 1639 622 10.
1702 573 1932 624 minutoa

178 680 292 718 rum
355 661 678 717 secundorum
706 704 720 729 ,
803 658 1072 727 reperietur
1139 654 1360 707 distantia
1427 651 1540 706 solis
1605 671 1634 708 a
1680 666 1809 707 terra
1855 672 1930 708 z

189 750 392 803 20618
441 746 931 800 semidiametrorum
979 739 1319 810 terrestrium3
1389 754 1446 790 ac
1494 738 1582 792 lux
1627 739 1688 792 ad
1734 752 1931 792 tantum

178 832 394 904 spatium
440 830 800 884 absoluendum
845 827 1109 897 impendet
1163 834 1213 879 8.
1242 825 1436 878 minuta
1483 824 1669 895 prima.
1720 822 1806 877 Ex
1830 838 1933 895 quo

177 916 371 972 definiri
412 915 574 988 potest
616 913 738 968 lucis
779 913 1002 966 celeritas
1028 954 1042 979 ,
1089 911 1277 980 quippe
1324 925 1446 979 quae
1489 920 1623 961 tanta
1669 909 1762 961 erit
1790 951 1805 975 ,
1840 924 1936 980 qua

178 1018 284 1056 vno
338 991 541 1053 minuto
592 998 800 1053 secundo
844 995 1068 1050 absoluet
1111 994 1351 1066 spatium‘
1393 1007 1494 1060 43.
1541 990 1935 1048 semidiametro-

179 1103 292 1140 rum
337 1085 653 1138 terrestrium.
768 1081 958 1155 Quodsi
1015 1095 1137 1147 ergo
1180 1079 1448 1129 celeritates
1500 1079 1689 1145 quasuis
1755 1078 1930 1130 metia-

180 1187 296 1224 mur
319 1213 334 1237 ,
380 1169 454 1223 vti
496 1167 775 1221 constanter
820 1163 1055 1215 filciemus
1080 1203 1095 1228 ,
1139 1159 1304 1230 spatiis
1346 1174 1454 1210 vno
1497 1159 1701 1211 minuto
1727 1159 1936 1212 secundo

180 1254 414 1326 percurfis
439 1297 453 1321 ,
497 1252 588 1305 erit
631 1247 777 1301 nobis
820 1246 938 1299 lucis
995 1243 1217 1298 celeritas
1285 1260 1374 1314 per
1419 1258 1520 1310 43.
1567 1243 1896 1314 exprimenda
1921 1286 1938 1313 ‚

181 1340 306 1394 dum
352 1339 516 1392 vnitas
559 1333 985 1387 semidiametrum
1031 1341 1185 1384 terrae
1231 1329 1437 1383 indicat.
1530 1329 1789 1383 Ponamus
1853 1346 1939 1382 au-

180 1437 285 1477 tem
335 1438 398 1473 ne
444 1421 662 1475 nimium
711 1418 788 1472 his
833 1416 1248 1471 obseruationibus
1296 1415 1509 1469 fidamus
1552 1431 1824 1468 numerum
1864 1416 1940 1467 in-

182 1506 448 1560 definitum
493 1525 519 1560 c
564 1522 659 1576 pro
707 1504 824 1557 lucis
869 1503 1162 1571 celeritate3
1209 1499 1589 1569 censeamusque
1614 1499 1777 1551 lucem
1809 1512 1942 1552 tem-

181 1608 308 1665 pore
355 1592 496 1644 vnius
532 1589 720 1642 minuti
744 1586 936 1640 secundi
972 1604 999 1639 c
1035 1584 1428 1638 semidiametros
1451 1597 1608 1637 terrae
1633 1600 1935 1654 percurrere.

335 1675 379 1738 §.
416 1688 468 1736 3.
519 1673 592 1726 Vt
635 1688 761 1726 nunc
808 1671 986 1725 omnia
1031 1669 1386 1741 phaenomena
1415 1711 1428 1736 ‚
1476 1686 1597 1740 quae
1622 1683 1688 1721 ex
1725 1667 1940 1723 succeffi-

179 1774 248 1812 va
290 1757 410 1812 lucis
454 1744 821 1830 propagatione
865 1755 1222 1826 consequuntur
1248 1799 1262 1824 ‚
1309 1771 1373 1807 eo
1418 1754 1692 1809 distinCtius
1740 1753 1937 1808 euolua-

180 1861 292 1898 mus
335 1856 480 1915 atque
527 1845 594 1897 ob
638 1842 810 1897 oculos
856 1858 1107 1913 ponamus
1134 1885 1149 1909 ,
1194 1852 1404 1912 quatuor
1442 1839 1572 1894 casus
1595 1838 1797 1893 seorsim
1823 1855 1938 1894 exa-

179 1928 310 1980 mini
360 1927 694 1983 subjeciemus.
818 1927 995 1981 Primo
1062 1917 1240 1980 scilicet
1286 1939 1391 1979 tam
1461 1925 1716 1995 obiectum
1788 1943 1939 1997 quam

176 2011 511 2079 speetatorem
559 2015 612 2065 in
657 2026 895 2083 perpetua
940 2013 1105 2083 quiete
1145 2012 1522 2065 collocabimus.
1590 2008 1823 2065 Secundo
1847 2010 1942 2063 ob--

176 2096 314 2149 iecto
359 2096 566 2167 quidem
613 2109 815 2150 motum
865 2097 1137 2150 tribuemus
1160 2140 1176 2165 ,
1219 2095 1554 2167 speetatorem
1600 2096 1804 2148 veroin
1829 2098 1940 2165 qui-

179 2194 260 2232 ete
304 2181 651 2253 relinquemus.
767 2181 950 2234 Tertio
1007 2198 1093 2234 eos
1136 2180 1263 2234 casus
1331 2182 1700 2253 perpendemus
1765 2180 1939 2250 quibus

180 2264 440 2319 obiectum
496 2266 694 2337 quiescit
721 2311 736 2336 ,
789 2265 1040 2338 spectator
1093 2283 1219 2319 vero
1275 2265 1413 2320 suum
1480 2267 1628 2321 situm
1697 2268 1940 2322 continuo

181 2362 361 2402 mutat.
450 2352 648 2424 Quarto
690 2353 902 2422 denique
946 2354 1143 2424 Vtrique
1187 2370 1308 2410 cum
1353 2352 1561 2406 obiedto
1601 2364 1713 2405 tum
1750 2352 1934 2421 speeta-

181 2434 280 2486 tori
323 2446 526 2487 motum
569 2436 974 2491 adiudicabimus.
1067 2438 1235 2508 Atque
1277 2450 1334 2490 vt
1394 2437 1554 2490 nostra
1625 2434 1936 2505 inuestigatio

106 2554 109 2556 -
181 2516 326 2573 latius
370 2532 536 2589 pateat
564 2510 600 2587 ,’
626 2531 827 2572 motum
856 2563 870 2587 ‚
914 2538 1066 2590 quem
1116 2521 1200 2573 vel
1243 2522 1298 2595 in
1339 2520 1544 2574 obiecto
1567 2520 1650 2572 vel
1688 2519 1933 2588 spectato-

183 2619 238 2655 re
281 2604 361 2657 xel
405 2604 456 2655 in
504 2618 711 2675 Vtroque
754 2604 1112 2658 constituemus
1137 2646 1152 2672 ,
1196 2617 1308 2656 tum
1351 2603 1663 2656 rectilineum
1700 2600 1936 2659 faciemus

184 2700 293 2743 tum
342 2688 498 2740 etiam
566 2690 908 2743 curuilineum.
1022 2689 1175 2762 Quod
1242 2687 1518 2741 institutum
1575 2688 1609 2741 fi
1651 2689 1932 2758 generatim

184 2773 656 2842 pertraCtaxferimus
700 2815 714 2841 ,
782 2786 892 2826 tum
952 2773 1160 2827 demum
1220 2773 1282 2826 ad
1327 2771 1683 2843 phaenomena
1751 2789 1932 2844 corpo-

184 2872 302 2912 rum
345 2859 636 2914 coelestium
684 2859 1070 2931 progrediemur
1095 2902 1108 2927 ,
1151 2870 1298 2930 atque
1344 2857 1619 2913 anomalias
1644 2901 1659 2929 ,
1704 2875 1827 2931 quae
1869 2876 1937 2916 ex

1776 2956 1931 2999 motu
