2378 3564
404 191 448 267 :t
709 189 822 252 DE
866 184 1285 249 PRODVCTIS
1327 185 1445 247 EX
1483 187 1844 252 mmmm

405 350 556 404 finitis
578 350 800 403 terminis
826 350 966 420 signis
991 357 1077 409 -ι-
1103 346 1184 401 vel
1208 378 1258 386 ——
1282 344 1457 399 iunCtis
1480 349 1778 418 constantes,
1806 366 1930 422 quae
1953 348 2143 405 dostri.

403 451 468 486 na
536 451 662 485 iiuiic
728 434 931 502 quidem
998 432 1102 484 iam
1170 441 1434 500 tantopere
1499 429 1567 481 est
1622 434 1818 487 exculta
1843 478 1858 505 ,
1915 446 1972 487 vt
2035 448 2142 487 non

402 514 558 568 solum
653 516 815 584 plures
893 512 1168 567 habeantur
1244 513 1475 567 methodi
1566 515 1757 584 quasvis
1852 517 2145 588 quantitates

400 611 509 651 tam
554 597 852 669 algebraicas
875 615 1027 668 quam
1056 596 1452 651 transcendentes
1495 595 1777 650 huiusmodi
1820 595 2026 652 seriebus
2070 600 2146 651 in-

400 681 553 734 finitis
595 683 951 752 exprimendi,
999 683 1080 736 sed
1124 683 1277 735 etiam
1321 681 1571 752 proposita
1610 679 1728 734 serie
1770 681 1963 735 infinita
2010 683 2150 735 inue-

403 764 610 834 stigandi
637 805 654 832 ,
699 767 974 820 cuiusmodi
1015 767 1253 836 quantitas
1297 781 1354 819 ea
1400 765 1659 818 indicetur.
1749 762 1956 835 Duplici
2010 764 2150 817 enirn

401 849 565 901 modo
608 848 941 918 expressiones
985 849 1201 902 infinitas
1244 850 1468 919 cuiusque
1521 848 1706 918 generis
1759 849 1953 902 trac'tari
1996 861 2153 916 opor-

399 942 512 999 tet,
555 949 770 1001 quorum
814 933 936 983 alter
979 933 1030 982 in
1074 932 1394 983 conuersione
1433 933 1758 993 quantitatum
1805 930 1882 982 vel
1915 929 2154 998 algebrai-

398 1027 572 1063 carum
601 1013 681 1061 vel
704 1009 1143 1059 transcendentium
1188 1009 1239 1056 in
1283 1005 1613 1074 expressiones
1651 1004 1874 1059 infinitas
1913 1010 2156 1080 consistit3

399 1089 525 1143 alter
581 1104 703 1142 vero
758 1089 808 1139 in
850 1087 1169 1158 indagatione
1223 1086 1347 1141 illius
1403 1087 1691 1158 quantitatis
1714 1129 1729 1154 ,
1773 1104 1925 1157 quam
1966 1106 2160 1162 propo·

401 1173 490 1230 sita
546 1170 829 1242 exppressio
872 1172 1063 1224 infinita
1104 1171 1320 1241 designat
1345 1214 1360 1240 ,
1402 1170 1617 1224 vicissim
1662 1170 1891 1225 versatur.

491 1257 536 1320 ξ.
569 1274 624 1322 3.
679 1256 765 1310 Ad
822 1254 1035 1309 alterum
1090 1270 1245 1325 genus
1301 1254 1671 1325 expressionum
1727 1254 2033 1309 infinitarum
2078 1274 2158 1311 re-

401 1339 515 1394 ferri
565 1341 802 1392 conuenit
846 1356 923 1392 eas
948 1382 961 1407 ‚
1008 1354 1130 1409 quae
1172 1354 1237 1390 ex
1273 1339 1709 1392 innumerabilibus
1735 1338 1996 1393 faetoribus
2034 1357 2160 1393 con-

406 1423 531 1477 stant
558 1466 572 1491 ,
639 1423 921 1475 cuiusmodi
964 1420 1337 1492 expressioneS,
1381 1439 1688 1493 quamquam
1731 1425 1834 1476 iam
1875 1423 2161 1495 complures

403 1504 510 1558 siint
554 1507 778 1558 inuentae
823 1523 878 1558 ac
902 1508 1127 1574 cognitae
1154 1548 1167 1571 ,
1211 1517 1385 1558 tamen
1430 1522 1521 1557 nec
1567 1506 1747 1558 modus
1793 1507 1852 1559 ad
1881 1523 1961 1560 eas
1986 1523 2159 1577 perue-

401 1590 569 1642 nieudi
597 1630 610 1656 ,
655 1605 746 1641 nec
793 1591 874 1641 via
920 1604 1090 1641 earum
1149 1587 1342 1640 valores
1385 1588 1697 1657 dignoscendi
1722 1606 1933 1659 vsquam
1979 1591 2047 1642 est
2071 1606 2161 1656 ex-

402 1672 582 1741 posita.
673 1675 853 1742 Aeque
925 1683 1096 1723 autem
1140 1670 1316 1739 dignae
1375 1670 1518 1724 huius
1578 1673 1773 1740 generis
1828 1673 2165 1741 expressiones

405 1754 629 1808 infinitae
680 1755 911 1808 videntur
936 1798 950 1823 ,
997 1770 1123 1824 quae
1170 1753 1465 1806 excolantur
1486 1797 1500 1821 ,
1544 1772 1598 1807 ac
1645 1756 1836 1823 priores
1875 1771 1941 1806 ex
1968 1756 2164 1808 infinito

407 1839 739 1892 terminorum
786 1853 1002 1891 numero
1045 1835 1322 1889 constantes
1350 1880 1364 1906 ,
1410 1829 1570 1907 neque
1634 1837 1763 1891 forte
1806 1839 1974 1891 minus
2015 1856 2163 1892 com-

404 1922 552 1974 modi
594 1922 800 1989 Analyfi
845 1919 1073 1973 afferetur
1110 1936 1278 1973 earum
1340 1922 1744 1990 pertrarstatione.
1813 1922 2163 1992 Praeterquam

405 2005 547 2055 enim
576 2046 589 2071 ‚
646 2005 779 2074 quod
837 2003 1114 2057 'istiusmodi
1172 2003 1508 2075 expressiones
1565 2016 1788 2057 naturam
1833 2007 2163 2074 quantitatum

407 2103 529 2156 quas
582 2085 796 2140 referunt
851 2085 959 2140 fatis
1014 2086 1240 2140 distine'te
1311 2089 1380 2141 ob
1435 2088 1607 2141 oculos
1647 2102 1840 2158 ponant
1868 2132 1881 2156 ,
1926 2100 1978 2139 et
2024 2087 2164 2158 saepe

407 2185 625 2222 numero
666 2172 725 2223 ad
771 2169 962 2240 valores
1006 2171 1272 2241 proximos
1315 2172 1636 2224 inueniendos
1680 2188 1920 2241 perquam
1958 2170 2064 2223 sunt
2084 2187 2166 2223 ac-

405 2253 769 2307 commodatae
797 2294 812 2320 ,
858 2253 1096 2324 insignem
1139 2254 1384 2324 praestant
1427 2254 1568 2308 vsum
1613 2255 1675 2308 ad
1719 2253 2049 2325 logarithmos
2090 2255 2169 2324 ip-

405 2333 566 2388 sarum
624 2338 952 2408 quantitatum
1009 2336 1295 2392 formandos
1321 2381 1336 2406 ,
1395 2337 1446 2390 id
1490 2339 1624 2409 quod
1664 2338 1714 2390 in
1762 2337 1952 2391 calculo
1995 2335 2167 2407 saepis-

406 2418 531 2472 fime
601 2417 852 2474 summam
921 2421 1063 2473 affert
1129 2421 1414 2475 vitlitatem.
1503 2419 1586 2474 Sic
1643 2422 1680 2475 fi
1738 2423 1977 2492 quantitas
2020 2437 2168 2490 quae-

403 2517 628 2571 cunquae
692 2505 761 2559 X
831 2503 1173 2558 transformata
1198 2504 1340 2558 fiierit
1392 2507 1442 2558 in
1481 2505 1752 2559 istiusmodi
1790 2501 2176 2574 expressionem!

406 2584 457 2659 {-
483 2575 535 2667 {3
560 2585 608 2666 ξ.
634 2579 683 2662 δέ.
718 2591 764 2638 ³.
817 2598 913 2638 etc.
971 2588 1136 2640 statim
1194 2588 1455 2642 habebitur
1518 2587 1848 2657 logaritlimus
1923 2584 2165 2652 quantita»

425 2672 488 2726 tis
507 2672 574 2729 X
697 2639 747 2728 leg
775 2689 861 2740 -ι-
887 2674 936 2766 Ig-
952 2693 1037 2743 —1s-
1059 2677 1441 2767 Ιξ--Ηὲ-ἦ-εῑε.
1470 2698 1593 2752 quae
1617 2680 1755 2737 series
1778 2693 1843 2733 eo
1871 2678 2167 2749 magiscon·

723 2730 751 2758 α

2007 2775 2169 2845 vergit
