2378 3564
165 549 256 593 Tab.
301 552 352 593 11.

198 607 262 661 fig.
298 620 338 652 1.

385 249 500 302 ¹52
603 228 720 288 EX
722 219 1085 286 PLICATIO
1129 170 1883 304 PRAENOMENORVM
1921 221 2131 304 QVAE

381 400 532 442 motu
579 385 700 440 lucis
742 380 999 437 succeffiuo
1043 376 1464 433 obseruationibus
1503 376 1839 439 astronomicis
1890 382 2128 437 inducun.

380 483 461 525 tur
485 515 502 541 ,
544 470 810 542 diligenter
849 464 1273 525 enumerabimus.
1937 455 1942 459 ’

533 558 577 623 §.
606 571 663 622 4.
712 553 947 630 Quiescat
990 552 1140 623 igitur
1195 545 1452 601 obieetum
1521 544 1740 599 lucidum
1783 546 1834 599 in
1876 549 1928 603 O
1970 551 2128 624 fitque

378 637 631 711 spestator
674 642 724 693 in
767 641 822 693 A
868 639 1052 710 pariter
1097 637 1149 688 in
1194 634 1367 704 quiete
1406 623 1736 686 constitutus.⁴
1805 631 2022 688 Ponatur
2053 638 2129 693 di.

377 726 552 780 stantia
596 726 783 780 obiesti
828 725 891 777 ab
936 721 1249 777 obieruatore
1293 717 1371 772 seu
1432 717 1567 771 reeta
1609 707 1855 771 ΟΑῑ-ιι
1905 715 2126 773 semidia-

378 825 659 865 metrorum
730 824 888 862 terrae
913 849 928 874 ,
997 808 1094 860 erit
1163 818 1363 872 tempus
1431 819 1533 874 quo
1600 803 1762 856 radius
1803 818 1870 855 ex
1923 803 2129 858 obiecto

379 903 574 954 emissus
614 901 675 952 ad
720 898 1058 968 specstatorem
1112 898 1353 966 pertingit
1400 912 1472 948 z:
1515 888 1553 963 ξ-
1601 900 1913 950 minutorum
1968 896 2135 953 secun·

374 984 578 1037 dorum.
666 982 861 1058 Quodsi
914 998 1036 1053 ergo
1091 979 1352 1034 obieetum
1405 994 1521 1032 ante
1576 978 1727 1032 fuerit
1780 968 2090 1036 obscuratum
2115 1027 2132 1055 ‚

374 1084 507 1122 nunc
552 1080 722 1122 autem
767 1066 927 1120 sub1to
971 1066 1133 1121 radios
1173 1067 1407 1119 emittere
1452 1065 1658 1135 incipiat
1682 1108 1697 1134 ,
1741 1079 1841 1117 non
1888 1063 1987 1118 hoc
2023 1066 2132 1138 ipso

375 1174 652 1217 momento
695 1178 722 1214 a
769 1159 1045 1232 spestatore
1086 1173 1317 1229 cernetur
1359 1156 1439 1210 sed
1486 1159 1695 1211 demum
1742 1158 1853 1229 post
1896 1153 1939 1227 ξ-ζ-
1966 1163 2129 1217 minu-

373 1259 426 1301 ta
469 1246 714 1300 secunda.>
781 1248 952 1318 Atque
987 1247 1060 1300 ‘eo
1101 1246 1283 1299 tardius
1326 1259 1560 1314 apparere
1604 1243 1810 1314 incipiet
1834 1286 1849 1312 ,
1893 1261 1996 1315 quo
2018 1247 2137 1301 lon-

373 1332 478 1404 gius
522 1331 667 1384 fuerit
710 1345 988 1385 remotum.
1075 1328 1130 1385 Si
1179 1331 1324 1401 igitur
1369 1340 1620 1399 praeterea
1663 1326 1794 1381 aliud
1848 1329 1969 1382 adsit
2037 1331 2129 1386 ob-

373 1417 561 1470 iectum
608 1416 663 1467 in
707 1431 733 1467 0
778 1417 913 1485 quod
956 1416 1104 1469 simul
1147 1414 1309 1467 lucere
1353 1414 1598 1484 incipiat,
1639 1413 1773 1466 cuius
1814 1427 1843 1463 a
1879 1411 2127 1482 spec‘tato·

372 1517 429 1555 re
473 1499 701 1553 distantia
745 1498 798 1551 A
822 1514 848 1551 0
891 1498 949 1551 fit
993 1509 1069 1550 z:
1093 1515 1130 1551 v
1176 1497 1349 1549 semid.
1395 1509 1588 1563 terrae,
1633 1497 1685 1548 id
1730 1497 1935 1565 quidem
1997 1499 2130 1569 prius

373 1596 594 1640 cernetur
620 1626 634 1652 ‚
703 1583 738 1638 fi
779 1583 1007 1637 distantia
1059 1598 1096 1636 v
1139 1583 1311 1634 minor
1374 1578 1519 1631 fuerit
1587 1595 1740 1648 quam
1784 1595 1858 1649 ιν,
1902 1596 1957 1632 ac
1999 1583 2135 1651 post-

375 1687 531 1743 quam
576 1668 834 1723 obietstum
877 1684 906 1721 ο
947 1668 1180 1740 apparuit
1206 1709 1220 1736 ‚
1265 1664 1480 1718 alterum
1524 1661 1785 1715 obiectum
1829 1659 1882 1714 Ο
1923 1662 2133 1718 demum

587 1755 693 1780 u-v

377 1764 549 1837 elapfis
635 1810 653 1833 c
748 1761 956 1817 minutis
998 1761 1217 1815 secundis
1259 1759 1348 1813 fiet
1394 1755 1737 1829 conspicuum.

533 1850 577 1914 ξ.
616 1863 668 1915 5.
714 1849 887 1924 Quam
933 1848 1160 1919 primum
1201 1857 1369 1899 autem
1406 1842 1661 1897 obiectum
1710 1840 1762 1908 Ο
1806 1856 1834 1895 a
1857 1837 2137 1912 speetatore

375 1933 703 2007 conspicietur
726 1979 740 2004 ‚
805 1933 857 1987 id
913 1933 967 1985 in
1011 1933 1289 1987 direetione
1347 1929 1398 1984 O
1421 1929 1473 1982 A
1533 1927 1795 2001 apparebit
1838 1926 2031 1995 prorsus
2076 1943 2136 1981 ac

377 2020 414 2075 fi
458 2021 618 2075 radius
668 2019 785 2074 lucis
840 2017 989 2079 OA
1027 2020 1078 2071 in
1125 2017 1319 2070 instanti
1377 2016 1439 2068 ab
1480 2012 1532 2066 O
1587 2015 1649 2066 ad
1693 2011 1746 2064 A
1791 2009 2130 2079 proceffiflet:

377 2120 540 2175 neque
594 2104 739 2174 igitur
792 2103 1036 2175 quantitas
1086 2101 1341 2154 distantiae
1397 2098 1449 2151 O
1472 2098 1525 2150 A
1569 2096 1727 2150 vllum
1772 2092 2034 2148 discrimen
2078 2095 2132 2149 in

378 2188 530 2244 situm
574 2187 757 2241 obiecsti
801 2186 1116 2240 obseruatum
1162 2183 1353 2236 inferet.
1444 2179 1581 2235 Cum
1626 2182 1764 2234 enim
1817 2179 1977 2233 radius
2014 2179 2136 2234 lucis

379 2272 495 2328 OA
540 2272 772 2326 occulum
816 2270 1101 2342 spectatoris
1145 2269 1196 2320 in
1243 2269 1407 2339 quiete
1451 2267 1672 2338 positum
1719 2264 1859 2318 feriat
1904 2265 1952 2316 in
2000 2264 2134 2319 dire-

380 2359 549 2413 <suone
594 2356 711 2411 ΟΑ
740 2401 754 2426 ,
798 2356 1077 2410 obseruator
1119 2353 1379 2407 obiectum
1439 2353 1489 2405 in
1531 2353 1708 2404 eadem
1751 2348 2029 2403 directione
2072 2349 2131 2404 fi-

379 2456 491 2498 tum
536 2442 786 2497 iudicabit.
894 2442 1066 2515 Quare
1120 2456 1237 2493 cum
1290 2456 1368 2492 res
1413 2438 1595 2490 eodem
1655 2436 1818 2489 modo
1869 2433 1914 2487 se
1957 2434 2139 2489 habeat

380 2529 433 2583 in
457 2527 614 2584 altero
638 2527 843 2581 obiesto
886 2542 913 2578 0
937 2570 951 2596 ‚
978 2524 1171 2578 *eadem
1215 2524 1438 2578 distantia
1483 2521 1560 2575 seu
1601 2521 1806 2592 angulus
1849 2518 2004 2573 OAo
2055 2522 2130 2572 in-

382 2625 460 2668 ter
512 2613 668 2666 ambo
722 2611 921 2666 obieeta
975 2604 1307 2665 obseruabitur
1343 2653 1357 2679 ,
1426 2607 1521 2661 siue
1575 2606 1663 2660 lux
1719 2616 2020 2674 propagetur
2075 2604 2156 2677 in*

385 2697 581 2751 instanti
636 2697 730 2752 siue
788 2696 1106 2769 quantumuis
1161 2695 1293 2748 lente
1320 2737 1333 2763 ,
1387 2708 1544 2761 neque
1589 2688 1834 2742 diuersitas
1880 2685 2131 2741 distantia-

383 2797 498 2835 rum
544 2781 727 2835 horum
777 2783 1048 2834 amborum
1092 2777 1410 2833 obied‘torum
1450 2773 1610 2826 vllum
1655 2769 1954 2823 discrimem*
1981 2772 2032 2825 in
2068 2771 2131 2826 fi-

387 2876 444 2919 tu
485 2864 744 2922 obseruato
787 2867 1044 2939 producet.
1144 2862 1476 2937 Quotcunque
1518 2856 1665 2930 igitur
1706 2854 1886 2911 fiierint
1928 2856 2128 2911 obieeta

1890 2983 1895 2987 .
1940 2940 2130 3014 lucida„
