2378 3564
104 1898 194 1942 frah.
228 1901 283 1943 Π.

162 1953 226 2007 fig.
248 1969 300 2010 9.

368 202 482 279 174·
528 195 994 265 EXPLICATIO
1037 194 1770 263 PHAENOMENORVM
1808 199 2032 285 QVAE

513 360 554 422 ξ.
586 368 687 424 45.
734 354 821 409 Ex
867 353 942 407 his
985 349 1277 421 intelligitur
1305 393 1319 420 ‚
1364 349 1696 403 variationem
1719 354 2047 425 apparitionis
2069 351 2130 408 fi-

362 445 540 500 derum
570 484 584 510 ,
628 456 750 512 quae
792 439 997 511 quidem
1043 454 1071 491 a
1117 449 1263 489 motu
1308 449 1465 490 terrae
1520 433 1699 487 diurno
1776 438 2127 507 proficiscitur,

363 529 432 583 ob
476 529 730 598 ingentem
774 526 1078 596 parilitatem
1147 534 1259 576 tuto
1328 521 1516 592 negligi
1559 517 1740 590 poffez,
1783 521 1852 573 ita
1893 537 1950 575 vt
2017 524 2128 577 loca

362 612 612 668 stellarum
658 611 946 682 apparentia
991 608 1095 663 fine
1138 624 1305 661 errore
1348 623 1443 678 pro
1488 610 1618 660 veris
1664 602 1834 658 haberi
1903 619 2124 679 queant3

361 714 620 770 nunquam
663 697 806 749 enim
851 693 1115 750 discrimen
1160 694 1220 746 ad
1268 693 1520 763 integrum
1549 690 1803 744 minutum
1832 686 2128 759 secundum,

366 783 481 837 imo
525 797 589 835 ne
632 781 696 835 ad
742 779 984 834 Iemissem
1033 777 1241 849 quidem
1312 777 1524 848 affurgit.
1616 774 1854 845 Haecque
1923 772 2132 845 perinde

363 866 413 920 se
456 867 642 920 habent
686 866 737 917 in
783 875 986 932 vtraque
1030 872 1199 914 motus
1244 860 1363 913 lucis
1407 859 1720 932 hypothesi3
1779 859 1927 913 altera
1993 858 2135 911 enim

364 959 451 1011 dat
496 974 593 1028 pro
637 955 929 1026 aequatione
971 952 1238 1024 angulum,
1267 953 1400 1008 cuius
1443 966 1651 1025 tangens
1694 952 1765 1005 est
1810 945 2138 1032 c-ssrfflltera

365 1050 603 1124 angulum
647 1049 783 1104 cuiuS
825 1049 947 1103 finus
997 1040 1150 1101 estm
1112 1078 1176 1117 Τ
1201 1092 1215 1118 ‚
1280 1049 1364 1120 qui
1405 1050 1506 1103 duo
1551 1047 1716 1118 anguli
1773 1064 1890 1103 cum
1961 1048 2138 1104 fractio
2212 1087 2219 1089 Α

365 1137 492 1214 {fit
536 1160 690 1215 quam
762 1144 1023 1211 minima,
1070 1158 1097 1195 a
1124 1142 1169 1195 le
1213 1144 1429 1196 inuicem
1478 1136 1595 1197 non¹
1645 1142 1936 1214 discrepant.
2027 1143 2136 1197 Ve-

366 1247 483 1284 rum
528 1229 564 1283 fi
607 1228 724 1282 loco
767 1241 937 1282 motus
979 1240 1139 1280 terrae
1181 1228 1383 1298 diurni,
1455 1227 1628 1281 similis
1676 1241 1851 1282 motus
1905 1228 2138 1284 sideribus

366 1315 607 1368 tribuatur
651 1313 713 1366 ad
756 1326 987 1367 mentem
1032 1311 1353 1381 Ptolemaei,
1397 1323 1508 1367 tum
1563 1328 1668 1366 non
1713 1311 1868 1366 solum
1940 1315 2135 1367 aberra-

367 1400 529 1452 tiones
570 1396 974 1455 obseruationum
1020 1413 1048 1449 a
1093 1396 1214 1450 locis
1258 1398 1389 1449 veris
1432 1414 1527 1467 pro
1584 1410 1794 1467 Vtraque
1863 1395 2136 1468 hypothefi

366 1481 603 1536 maxime
647 1481 903 1549 prodirent
926 1477 1170 1547 diuersae,
1212 1477 1291 1531 sed
1333 1482 1488 1531 etiam
1535 1481 1665 1549 ipsae
1689 1482 2020 1533 aberrationes
2043 1481 2135 1534 fie-

367 1577 478 1620 rent
523 1576 627 1617 tim
674 1563 878 1632 vastae,
924 1575 982 1616 vt
1027 1562 1094 1615 nil
1138 1562 1261 1614 certi
1305 1563 1368 1615 ad
1413 1563 1587 1615 locum
1643 1578 1824 1614 verum
1891 1561 2138 1615 definien-

369 1650 496 1704 dum
540 1664 609 1702 ex
653 1649 712 1703 iis
753 1648 989 1701 concludi
1036 1645 1239 1717 poffet3
1284 1662 1409 1719 quie
1454 1645 1549 1700 sola
1596 1645 1964 1699 ciicumstantia
2004 1644 2137 1701 suffi-

371 1749 483 1789 cere
524 1733 687 1807 potest
733 1734 795 1788 ad
822 1732 1079 1802 system-‘zm
1106 1743 1262 1786 terrae
1283 1733 1536 1786 immotae
1561 1730 1775 1786 funditus
1799 1729 2136 1785 subuertenda.

531 1862 577 1928 ξ.
610 1863 708 1929 46.
759 1856 896 1914 Cum
940 1859 1091 1932 igitur
1134 1872 1306 1913 motus
1349 1871 1508 1913 terrae
1548 1859 1746 1914 diurnus
1786 1858 1976 1914 nullam
2003 1856 2134 1914 senfi-

373 1947 531 2003 bilem
575 1946 910 2002 differentiam
978 1946 1104 1998 inter
1149 1946 1260 1999 loca
1306 1945 1516 2000 siderum
1583 1945 1874 2016 apparentia
1919 1961 1976 1997 ac
2020 1957 2139 1996 vera

374 2035 621 2105 producat
645 2075 659 2102 ,
709 2031 968 2084 videamus
992 2072 1007 2099 ,
1053 2041 1296 2101 quantum
1340 2040 1509 2083 motus
1551 2043 1739 2080 annuus
1777 2027 1830 2078 in
1885 2025 1987 2079 hoc
2051 2041 2134 2079 ne-

374 2118 519 2188 gotio
562 2116 743 2170 valeat.
832 2114 1183 2184 Repraesentet
1223 2114 1375 2182 igitur
1421 2127 1551 2163 nunc
1590 2109 1797 2163 circulus
1839 2108 2134 2174 ABDbr-

379 2201 543 2255 bitam
588 2211 747 2253 terrae
794 2199 845 2250 in
891 2214 986 2270 qua
1031 2198 1162 2250 circa
1208 2195 1368 2250 solem
1415 2191 1461 2247 C
1503 2196 1828 2264 reuoluatnrz,
1901 2206 2012 2248 tuto
2053 2210 2139 2247 au-

373 2296 482 2339 tem
526 2283 612 2338 hic
655 2283 894 2337 circulum
943 2297 1036 2353 pro
1082 2280 1239 2334 orbita
1304 2292 1466 2334 terrae
1507 2294 1628 2332 vera
1693 2278 1929 2331 assumere
1999 2277 2135 2333 licet.

377 2369 538 2425 Huius
580 2384 703 2439 ergo
757 2368 925 2420 circuli
990 2364 1355 2419 semidiameter
1399 2361 1511 2417 AC
1552 2364 1645 2417 erit
1694 2367 1892 2418 20618
1961 2361 2135 2419 lemid.

380 2466 541 2508 terrae
566 2495 580 2522 ,
606 2454 745 2507 vnde
769 2453 865 2505 eius
908 2450 1196 2522 peripheria
1239 2449 1518 2503 continebit
1542 2492 1556 2519 ,
1607 2464 1676 2499 12
1685 2464 1721 2514 9
1731 2453 1845 2517 546
1890 2446 2012 2501 sem.
2041 2459 2134 2501 ter-

380 2554 501 2609 rae,
569 2537 704 2609 quod
770 2536 981 2609 spatium
1051 2551 1170 2589 cum
1242 2535 1510 2589 emetiatur
1584 2549 1720 2586 anno
1787 2533 1994 2601 sydereo
2060 2531 2141 2602 seq

385 2616 806 2693 31558140l
744 2615 764 2650 s
895 2637 1001 2675 vno
1081 2621 1284 2675 minuto
1363 2618 1574 2674 secundo
1641 2616 1859 2671 absoluet
1924 2614 2140 2686 spatium

436 2771 491 2794 55
544 2719 779 2789 Osemid.
828 2729 1028 2789 terrae,
1070 2717 1205 2790 quod
1248 2717 1341 2770 erit
1379 2716 1525 2769 valor
1564 2713 1801 2784 ipfiusr,
1845 2711 1982 2765 vnde
2016 2729 2137 2767 cum

387 2813 449 2871 fit
490 2770 713 2883 2:43
761 2805 933 2883 fiet}
972 2829 1108 2868 ,τ’-ο
1127 2824 1484 2884 ‚0000954‚
1511 2811 1548 2859 6
1574 2823 1647 2862 z:
1695 2809 1779 2882 oi
1784 2855 1799 2882 ⁵
1828 2848 1842 2876 ,
1890 2808 2138 2947 quivz}lor

2052 2909 2137 2949 ere
