2378 3564
341 243 455 303 ηε
547 229 660 291 DE
703 228 918 288 NOVo
964 228 1271 286 GENERE
1317 187 1971 295 OSCILLATIONVM.

465 385 498 439 fi
542 389 754 449 ἵζ’-,ξε
914 373 1091 462 —†——‘²g
1138 382 1224 436 sin
1253 377 1360 453 A
1342 407 1385 412 -
1795 407 1831 443 0

460 479 495 535 sl
534 487 758 542 tzgc
1065 426 1387 643 ἕ-ὶ-σ-αέἓ
1798 499 1834 533 0

465 576 500 630 s1
545 571 758 647 trs-¹5⁰⁶·
918 564 1093 651 -Ι-ἧ
1137 574 1223 628 sm.
1254 573 1360 648 A}
1343 601 1387 607 -
1800 591 1838 627 ο

465 660 501 715 fi
546 668 761 740 t5-..z-4c
1172 675 1207 710 0
1798 664 1835 710 '0

496 787 542 851 §.
576 801 669 851 39.
725 785 856 842 Inter
898 789 988 842 hos
1031 785 1162 839 casus
1203 805 1382 841 omnes
1437 787 1691 843 maxime·
1721 783 1885 838 notari
1930 800 2098 839 mere·

340 882 419 925 tur
465 872 503 922 is
531 910 544 933 ,
616 887 715 936 quo
761 887 865 923 emt
913 889 942 920 2
970 871 1002 922 b
1028 886 1102 920 r:
1129 884 1201 921 a:
1270 887 1334 922 eo
1386 875 1519 940 quod
1565 870 1772 940 spatium
1800 913 1815 939 ,
1886 870 1937 931 in
1993 884 2096 940 quo

342 955 631 1006 continetur
673 967 893 1024 quaeque
938 949 1174 1017 ostillatio
1217 951 1459 1006 continuo
1503 966 1738 1024 augetur,
1785 970 1842 1004 ac
1889 955 2099 1009 tandem

342 1037 393 1090 in
438 1034 688 1088 infinitum
745 1037 1024 1091 excrescit:
1098 1036 1183 1106 qui
1229 1036 1434 1093 effectus
1488 1055 1555 1092 eo
1609 1038 1770 1108 magis
1825 1035 1895 1088 est
1935 1036 2100 1089 admi-

343 1121 520 1176 randus
547 1161 560 1188 ,
611 1121 746 1191 quod
802 1121 920 1176 huic
974 1119 1067 1174 soli
1110 1120 1236 1174 casui
1279 1123 1347 1175 est
1388 1124 1622 1194 proprius
1647 1166 1663 1192 ,
1719 1135 1864 1192 atque
1906 1137 1935 1175 a
1979 1121 2103 1175 viri-

343 1206 430 1259 bus
476 1203 631 1257 finitis
674 1207 877 1259 oriatur.
965 1204 1052 1260 Ex
1096 1202 1197 1258 hoc
1241 1206 1392 1277 igitur
1435 1206 1583 1275 casn,
1628 1208 1662 1260 fi
1707 1207 1910 1279 quidem
1954 1222 2103 1259 com-

344 1289 502 1345 mode
545 1288 604 1342 ad
649 1291 830 1360 praxin
870 1290 1089 1344 reuocari
1133 1288 1294 1360 posset
1319 1332 1335 1358 ,
1390 1292 1614 1344 inuentio
1657 1294 1888 1361 perpetui
1932 1291 2103 1345 mobi-

342 1374 403 1429 tis
443 1373 657 1427 deriuari
703 1376 834 1444 poffe
876 1375 1113 1428 videtur:
1161 1374 1434 1445 pendulum
1480 1375 1622 1428 enim
1666 1376 1717 1426 in
1758 1376 1986 1441 cycloide
2020 1391 2104 1428 os-

342 1457 510 1511 cillans
553 1455 655 1507 iam
695 1458 771 1508 ‘ita
812 1458 881 1509 est
924 1469 1278 1524 comparatum
1308 1500 1323 1524 ,
1378 1471 1435 1510 vt
1484 1457 1809 1527 impulsiones
1859 1473 1885 1510 a
1942 1457 2099 1527 graui-

344 1551 449 1594 tate
498 1537 738 1591 oriundae
784 1537 944 1592 versus
1001 1537 1148 1590 fitum
1204 1539 1473 1607 aequilibrii
1501 1582 1516 1607 ,
1557 1540 1651 1591 sint
1689 1553 1750 1591 vt
1791 1540 1942 1609 spatia
1987 1556 2105 1610 per-

344 1620 598 1679 currenda.
687 1622 855 1698 Quare
897 1622 933 1676 fi
978 1620 1065 1674 tali
1107 1620 1328 1694 pendulo
1371 1620 1649 1675 istiusmodi
1689 1632 1990 1674 automaton
2013 1640 2105 1694 ap-

345 1709 558 1782 plicetur
580 1750 596 1777 ,
651 1709 788 1780 quod
845 1707 1058 1761 alteram
1099 1708 1209 1760 vim
1265 1723 1294 1760 a
1339 1718 1578 1777 tempore
1635 1706 1945 1778 pendentem
1990 1720 2112 1774 pro-

348 1794 496 1848 ducat
520 1834 535 1861 ‚
578 1793 656 1846 vis
702 1792 1037 1847 oscillationes
1078 1804 1339 1862 tantopere
1395 1792 1619 1862 augentis
1673 1789 1847 1862 portio
1890 1802 2002 1843 tum
2047 1787 2112 1845 ad

350 1877 598 1933 automati
643 1877 971 1931 intenfionem
1018 1876 1353 1929 renouandam
1382 1919 1397 1945 ,
1441 1875 1636 1947 quoties
1680 1891 1809 1945 opus
1852 1874 1959 1950 est„
2000 1887 2112 1928 tum

352 1963 417 2017 ad
459 1960 779 2016 resistentiam
824 1975 876 2015 et
917 1957 1206 2015 friffionem
1252 1961 1581 2032 superandam
1635 1958 1866 2029 impendi
1910 1957 2068 2028 postet
2094 1999 2112 2027 ,

355 2047 424 2101 ita
467 2057 524 2099 vt
567 2046 601 2099 fi
646 2045 976 2099 oscillationes
1034 2062 1140 2098 non
1193 2045 1454 2099 increstant
1481 2087 1496 2114 ‚
1549 2055 1726 2098 tamen
1778 2043 1920 2097 datae
1959 2057 2116 2114 quan-

355 2129 511 2184 titatis
555 2142 798 2200 perpetuo
840 2129 1206 2182 conseruentur.

513 2211 559 2276 §.
587 2228 686 2278 40.
733 2211 785 2266 Si
830 2229 959 2265 nunc
1004 2213 1059 2264 in
1103 2209 1294 2265 causam
1340 2212 1642 2284 inquiramus
1666 2254 1680 2282 ‚
1724 2208 2114 2284 propterquam

357 2294 482 2351 solus
524 2294 613 2348 iste
660 2295 789 2350 casus
834 2296 1164 2350 oscillationes
1208 2300 1453 2352 continuo
1499 2298 1741 2369 adaugeat
1764 2340 1780 2366 ,
1824 2296 1975 2349 aliam
2010 2311 2116 2349 non

357 2380 785 2452 deprehendimus
806 2424 822 2451 ‚
867 2381 954 2434 nisi
997 2382 1135 2452 quod
1177 2380 1279 2435 hoc
1322 2382 1431 2437 casu
1473 2396 1676 2453 tempus
1732 2381 1874 2435 vuius
1926 2377 2116 2435 oscilla-

360 2464 513 2518 tionis
563 2466 784 2538 integrae
842 2481 910 2519 ex
954 2481 1060 2518 vno
1133 2467 1203 2519 itu
1261 2483 1467 2538 vnoque
1538 2467 1698 2521 reditu
1763 2466 2076 2538 compositae
2099 2507 2131 2535 ‚N

361 2564 489 2621 quae
559 2552 846 2620 producitur
889 2568 918 2603 a
964 2549 1058 2603 sola
1101 2552 1298 2604 :ustione
1365 2553 1442 2605 vis
1482 2568 1511 2605 a
1551 2550 1714 2622 spatio
1757 2568 1784 2605 s
1827 2551 2074 2622 pendente
2098 2586 2114 2616 ,

363 2632 562 2703 aequale
606 2635 661 2688 fit
702 2635 945 2706 tempori7
986 2636 1122 2706 quod
1170 2653 1259 2707 per
1304 2648 1471 2690 totam
1514 2636 1681 2689 circuli
1705 2632 1937 2689 FDHE
1981 2630 2115 2701 peri-

365 2725 594 2798 pheriam
661 2731 977 2801 exprimitur
1065 2727 1120 2784 Si
1164 2731 1304 2783 enim
1350 2745 1528 2799 corpus
1566 2743 1595 2779 a
1636 2726 1736 2778 sola
1759 2725 1816 2778 vi
1854 2752 1888 2796 g
1936 2723 2115 2779 sollici-

365 2820 538 2881 tetur
581 2822 785 2888 tempus
825 2815 969 2870 vuius
1006 2812 1329 2870 oseiuationis
1369 2814 1594 2884 integrae
1644 2824 1713 2866 ex
1754 2809 1828 2867 itu
1866 2818 1920 2864 et
1958 2811 2119 2863 reditu

1989 2908 2118 2951 COR·
