2378 3564
142 208 479 298 PLANVM
518 202 803 289 chRR
813 219 1035 284 ENTJS
1068 190 1679 287 &mmmmm-A,
1774 210 1846 294 ἐρ,
1860 228 1893 294 ς

139 406 255 450 mus
298 388 592 447 Obseruauit.
691 387 992 447 Remidium
1048 384 1212 461 itaque
1256 385 1334 443 his
1377 384 1566 444 duobus
1608 373 1906 441 incommo-

139 478 215 533 dis
257 476 484 533 allaturus
527 476 663 533 Clar.
695 473 957 530 Bernoulli
1002 473 1168 527 statuit
1192 516 1208 542 ‚
1264 475 1571 528 celeritatem
1614 488 1769 544 aquae
1814 488 1908 543 per

137 558 269 618 GM
313 564 578 619 exfilientis
629 577 734 616 non
789 558 1131 613 assumendam
1187 555 1285 611 esse
1325 574 1443 611 eam
1472 599 1488 626 ‚
1530 573 1656 627 quae
1699 558 1918 613 debetur

139 648 389 704 altitudini
431 665 584 722 aquae
626 645 767 719 supra
812 642 1044 697 foramen
1088 636 1195 695 GA
1223 683 1239 710 ‚
1292 640 1373 695 sed
1419 657 1516 713 pro
1558 640 1785 712 quolibet
1827 657 1910 696 ca·

140 734 192 789 su
238 733 616 807 Experimentis
669 728 1022 804 inquirendum
1078 725 1174 782 elle
1230 729 1284 781 in
1337 725 1647 781 celeritatem
1693 724 1916 797 realem,

139 837 295 893 quam
337 836 460 892 aqua
504 818 712 873 effluens
757 815 874 871 astu
917 812 1026 886 ipso
1068 812 1262 883 habet,
1319 811 1456 884 quod
1500 828 1594 885 per
1639 810 1918 866 Mechani-

143 922 230 960 cae
286 905 474 976 regulas
528 903 728 975 semper
781 901 891 955 fieri
944 898 1127 972 potest.
1239 896 1446 953 Deinde
1513 897 1938 967 amplitudinem.

144 1005 307 1053 venae
352 987 693 1044 assumendam
741 986 836 1041 esse
878 1002 984 1041 non
1027 1000 1145 1038 eam
1170 1026 1185 1052 ‚
1227 999 1352 1055 quae
1398 980 1612 1053 aequalis
1646 982 1705 1036 fit
1728 982 1916 1052 ampli-

146 1076 308 1131 tudini
363 1090 526 1129 venae
582 1073 913 1143 contrae'tae3
970 1081 1055 1124 aut
1107 1084 1232 1122 vero
1289 1066 1580 1118 euitandam
1638 1068 1734 1133 esse
1785 1067 1922 1120 hanc

141 1160 546 1216 contraitionem
577 1196 590 1222 ‚
637 1155 770 1225 quod
814 1155 876 1205 fit
901 1195 916 1220 ,
957 1154 996 1204 ss
1038 1165 1161 1222 aqua
1206 1164 1315 1202 non
1358 1164 1448 1218 per
1493 1147 1652 1202 solum
1687 1148 1920 1204 foramen

147 1242 279 1300 GM
305 1288 319 1315 ,
372 1242 452 1297 sed
506 1255 599 1312 per
653 1235 885 1292 tubulum
932 1233 1050 1291 YE
1104 1232 1342 1290 foramini
1386 1227 1516 1288 GM
1562 1233 1802 1289 insertum
1847 1234 1922 1290 ef-

148 1331 275 1386 fluit.

299 1410 394 1465 His
449 1407 725 1482 praemissis
785 1406 1006 1482 appellat
1059 1404 1327 1479 cylindrum
1378 1420 1587 1480 aqueum
1653 1403 1924 1463 correblum

145 1513 268 1551 eum
294 1540 309 1566 ,
374 1497 508 1551 cuius
565 1495 685 1549 baiis
739 1495 812 1548 est
868 1495 1158 1565 amplitudo
1211 1507 1371 1546 venae
1427 1492 1720 1546 contractae
1757 1535 1774 1562 ‚
1831 1491 1924 1548 nisi

142 1581 244 1637 scil.
291 1581 416 1634 haec
460 1578 738 1633 contractio
779 1594 941 1632 venae
966 1621 982 1649 ,
1026 1575 1252 1632 immisso
1295 1575 1531 1631 foramini
1575 1578 1780 1646 tubum,
1818 1579 1925 1631 im·

146 1667 418 1739 pediatur3
466 1676 519 1717 et
562 1664 696 1718 cuius
738 1661 949 1718 altitudo
993 1662 1065 1718 est
1107 1679 1167 1717 ea
1192 1706 1207 1733 ,
1262 1679 1390 1734 quae
1431 1662 1640 1716 debetur
1682 1661 1923 1717 celeritati

146 1749 264 1805 reali
309 1763 360 1803 et
402 1749 583 1804 actuali
626 1766 779 1822 quam
825 1766 951 1805 vena
995 1764 1150 1821 aquea
1207 1762 1341 1802 mox
1395 1747 1508 1819 post
1551 1745 1800 1801 effluxum
1846 1747 1925 1802 su-

147 1851 241 1889 um
285 1835 437 1889 habet
461 1879 475 1906 ‚
520 1847 572 1889 et
616 1852 741 1908 quae
784 1835 837 1890 in
881 1833 1103 1909 quolibet
1145 1833 1253 1888 casu
1297 1832 1535 1906 peculiari
1580 1831 1931 1905 Experimen-

150 1930 210 1974 to
254 1921 634 1976 determinanda
679 1922 794 1994 est;
841 1922 1050 1976 tandem
1094 1936 1222 1974 vero
1266 1919 1435 1973 statuit
1458 1961 1473 1988 ,
1518 1918 1632 1972 vim
1677 1935 1838 1973 venae
1872 1934 1923 1974 a·

146 2021 304 2076 queae
346 2023 440 2076 per
482 2006 710 2060 tubulum
759 2006 875 2062 YE
919 2008 972 2061 in
1015 2005 1226 2078 planum
1270 2005 1376 2060 ΟΡ
1419 2005 1709 2059 incurrentis
1741 2020 1928 2080 aequa·

148 2089 254 2145 lem
301 2092 397 2144 efle
441 2091 600 2186 duplo
644 2091 855 2162 ponderi
898 2090 1045 2145 huius
1087 2091 1302 2160 cylindri
1347 2090 1488 2162 aquei
1531 2088 1767 2144 corredii.

307 2175 382 2229 Vt
428 2176 579 2247 igitur
635 2178 688 2230 in
742 2176 871 2232 hanc
917 2175 1205 2230 Theoriim
1258 2175 1651 2248 Experimentis
1705 2157 1929 2248 iuquire-

151 2272 307 2329 rem,
351 2261 546 2316 affumfi
589 2278 676 2316 vas
717 2262 941 2334 ligneum
985 2259 1194 2317 ABCD
1238 2263 1574 2334 quadratum,
1628 2261 1763 2316 cuius
1806 2262 1932 2316 latus

156 2338 259 2396 AB
302 2344 431 2407 est
416 2352 456 2387 ΞΞ
500 2333 640 2416 pedis
681 2345 1047 2418 LondinenliS,
1093 2361 1146 2402 et
1187 2346 1400 2403 altitudo
1448 2363 1500 2399 2.
1530 2346 1741 2418 pedum.
1798 2345 1936 2410 Huic

156 2425 259 2481 vali
302 2428 476 2484 inserui
520 2429 746 2484 tubulum
788 2430 906 2488 YE
948 2448 1016 2488 ex
1058 2431 1310 2487 orichalco
1352 2430 1688 2501 consec‘lum,
1732 2433 1929 2486 interne

159 2511 290 2568 bene
335 2515 551 2586 politum
578 2559 593 2585 ,
637 2527 698 2570 vt
741 2532 866 2587 aqua
912 2533 977 2572 eo
1021 2517 1217 2572 liberius
1259 2516 1461 2570 effluere
1487 2516 1665 2587 poffet.
1719 2516 1928 2571 Deinde

155 2596 213 2653 in
259 2612 401 2673 parte
456 2600 694 2655 anteriori
750 2601 875 2656 valis
927 2603 1181 2675 adaptauil
1217 2601 1421 2656 veetem
1477 2599 1642 2655 STV
1707 2617 1736 2655 e
1791 2603 1932 2675 ligno

156 2686 400 2759 quercino
443 2686 730 2742 confectum
758 2730 772 2755 ,
818 2685 901 2741 sub
948 2687 1130 2761 angulo
1174 2685 1320 2740 reeto
1365 2684 1609 2741 inflexum
1640 2725 1656 2755 ,
1700 2698 1753 2740 et
1797 2689 1931 2742 circa

160 2768 594 2845 hypomochlium
643 2769 692 2825 H
738 2772 993 2827 liberrime
1037 2772 1339 2844 mobilem3
1394 2769 1540 2825 huius
1595 2771 1756 2826 vestis
1810 2774 1926 2828 bra-

160 2855 283 2915 chio
325 2856 417 2916 HS
445 2848 640 2914 ‘inserui
681 2857 919 2913 annulum
966 2856 1034 2928 1,
1091 2875 1161 2915 ex
1203 2874 1307 2933 quo
1348 2856 1666 2932 dependebat
1719 2855 1837 2915 lanx
1880 2857 1931 2915 Κ

933 2938 988 3000 G
1010 2960 1045 3018 g
1073 2959 1107 2996 2
1795 2960 1931 3019 pon-
