2378 3564
1638 94 1661 128 t

334 211 339 215 “
429 260 553 320 244
643 227 1265 300 OBSERVATIONES
1310 230 2034 297 METEoRoLoeieAE.

586 397 633 464 §-
664 413 720 463 4.
792 392 970 450 Multis
1034 386 1460 446 obseruationibus
1506 384 1636 441 mihi
1678 389 1868 444 constat
1891 434 1907 460 ,
1975 391 2199 450 accidere

428 499 584 559 quam
638 479 912 554 saepissime
968 488 1027 532 vt
1071 476 1266 532 oriente
1320 475 1448 529 circa
1494 473 1756 544 vesperam
1803 472 1945 528 Luna
1991 479 2197 535 nebulae

424 580 479 626 et
524 568 704 638 nubeS,
747 577 917 621 totum
962 574 1076 618 ante
1118 563 1262 618 diem
1307 558 1641 629 obfuscantes,
1685 557 2000 630 dispellantur
2025 606 2040 631 ,
2080 565 2197 620 red..

427 655 670 728 daturque
714 655 803 708 ae'r
847 647 1064 723 perfeste
1104 646 1295 701 serenus
1321 690 1336 718 ‚
1389 645 1525 719 quod
1574 644 1841 717 praecipue
1897 641 2089 700 {aestum
2130 649 2201 705 est

428 741 607 798 diebus
647 736 943 812 septembris
991 749 1082 785 11.
1118 749 1211 785 12.
1248 746 1338 796 13.
1372 750 1447 799 14
1470 743 1521 784 et
1555 747 1648 796 15.
1671 730 1789 784 anni
1821 742 1930 794 173
1946 737 1997 785 8.
2047 726 2200 789 Cuius

430 825 641 900 quidem
696 819 1040 893 phaenomeni
1095 816 1290 868 cansam
1350 817 1404 870 in
1458 829 1632 870 mutua
1694 815 1893 869 astione
1935 814 2106 871 Lunae
2149 829 2202 874 et

430 910 618 964 Terrae
659 906 880 978 positam
933 899 1030 954 este
1087 897 1344 973 existimo.
1447 895 1583 953 Cum
1641 900 1780 952 enim
1836 911 1979 955 extra
2039 917 2201 958 omne

425 992 640 1050 dubium
684 988 1005 1046 constitutum
1050 981 1110 1038 fit
1135 1025 1152 1054 ,
1191 981 1365 1038 Lunae
1395 979 1667 1055 *astionem
1714 983 1814 1036 siue
1838 984 2201 1042 attraffionem

427 1078 485 1137 in
528 1077 713 1132 Terras
754 1072 1123 1130 redundantem
1180 1069 1333 1124 aestus
1387 1069 1609 1125 marinos
1649 1069 1864 1122 excitare
1893 1110 1909 1139 ‚
1958 1068 2059 1126 hoc
2103 1072 2203 1142 est,

428 1178 582 1237 aquas
622 1161 687 1217 ad
730 1157 781 1215 se
823 1155 952 1232 quasi
995 1169 1169 1226 rapere
1207 1165 1357 1225 atque
1400 1154 1543 1209 altius
1587 1152 1865 1209 extollere:
1926 1155 2089 1212 multo
2132 1156 2201 1213 fa-

423 1248 570 1306 cilius
622 1246 807 1302 eadem
871 1242 997 1299 haec
1048 1237 1191 1293 acuo
1246 1250 1414 1293 tenues
1457 1238 1668 1293 'nebulas
1719 1239 1773 1293 in
1830 1240 2036 1296 stimmo
2084 1244 2205 1299 a'e're

426 1330 889 1391 circumuolitantes
929 1324 1118 1381 afficiet
1143 1367 1159 1393 ‚
1217 1334 1367 1396 atque
1420 1337 1501 1377 eas
1556 1322 1699 1377 altius
1752 1324 2025 1380 attollendo
2067 1344 2207 1383 rare-

424 1418 577 1476 iaciet
601 1458 617 1486 ,
661 1414 953 1485 penitusque
996 1407 1270 1478 dispellet;
1316 1408 1385 1460 ita
1429 1418 1488 1460 vt
1530 1405 1794 1477 probabile
1816 1406 1912 1477 fit,
1950 1412 2206 1467 extimam

427 1497 836 1570 Atmosphaerae
887 1489 1210 1564 superficiem
1262 1488 1328 1542 ab
1382 1488 1585 1542 afflone
1640 1488 1814 1543 Lunae
1868 1491 1955 1544 hic
2006 1495 2208 1567 attolli,

434 1586 537 1647 illic
580 1580 844 1658 deprimi,
887 1587 1036 1652 atque
1091 1574 1159 1633 fic
1200 1573 1356 1631 aestus
1401 1571 1632 1629 marinos
1674 1573 2066 1646 quodammodo
2087 1578 2214 1652 im17

435 1673 552 1730 tari.

590 1769 641 1837 ξ.
673 1779 729 1835 ς.
774 1764 1001 1824 Auroras
1039 1753 1274 1820 Boreales
1317 1758 1424 1817 hoc
1463 1774 1600 1815 anno
1643 1756 1901 1815 obseruaui
1940 1754 2211 1832 sequentes:
2280 1804 2289 1812 „

445 1875 630 1941 1738.
675 1865 932 1928 Februarii
981 1882 1035 1922 1.
1073 1866 1128 1923 in
1154 1861 1380 1939 perfedta
1423 1858 1673 1915 serenitate
1716 1860 1817 1916 visa
1849 1859 1941 1917 suit
1961 1857 2082 1916 Lux
2104 1858 2214 1917 Bo-

1079 1967 1164 2009 rea
1190 1993 1205 2022 ‚
1250 1947 1332 2006 sed
1375 1945 1583 2006 humilis
1621 1957 1816 2005 tantum
1843 1989 1860 2017 ,
1906 1945 2060 2003 flante
2100 1942 2214 2002 Bo·

670 2134 883 2212 Augusti
976 2140 1009 2195 8
1023 2175 1036 2190 .
1079 2052 1399 2203 {Za-Perststa
1444 2141 1645 2203 quoque
1697 2125 1953 2184 serenitate
1994 2124 2098 2184 visa
2140 2128 2213 2196 est

1068 2232 1248 2272 aurora
1301 2213 1526 2271 Borealis
1547 2257 1565 2287 ‚
1632 2211 1715 2270 sed
1781 2213 1959 2270 debilis
1993 2257 2010 2288 ‚
2077 2212 2213 2276 nulle

1080 2300 1294 2375 spirante
1335 2312 1516 2356 vento,

927 2413 1028 2467 24.
1074 2397 1190 2471 post
1246 2396 1436 2472 pluuias
1471 2439 1488 2469 ,
1553 2407 1607 2452 et
1653 2394 1932 2470 frequentes
1995 2396 2216 2456 corusta·

1081 2483 1243 2539 tiones
1283 2482 1447 2539 versus
1489 2477 1580 2540 So
1607 2526 1624 2554 ‚
1666 2484 1892 2557 apparuit
1915 2488 2074 2542 tenuis
2094 2484 2213 2547 Lux

1087 2565 1248 2625 Borea
1274 2612 1289 2641 ,
1333 2568 1468 2625 nullo
1510 2567 1664 2624 flante
1704 2581 1898 2641 veum,
1939 2584 2091 2642 quam
2132 2569 2215 2640 inf

1083 2655 1247 2710 secuta
1290 2655 1362 2712 est
1405 2655 1608 2729 postero
1648 2655 1730 2711 die
1771 2652 2013 2708 serenitas.

631 2746 951 2841 Septembris
997 2758 1055 2819 8.
1081 2753 1136 2810 in
1179 2751 1400 2825 perfedta
1457 2751 1712 2808 serenitate
1764 2746 1870 2802 visa
1935 2745 2028 2804 fuit
2091 2746 2214 2805 Lux

1088 2836 1257 2921 Borea
1296 2836 1472 2920 debilis
1495 2879 1516 2910 ‚
1570 2833 1791 2913 spirante
1828 2830 2036 2893 Austro.

1977 2925 2220 3011 Octobris
