2378 3564
329 244 802 308 OCCVLTATIO
857 242 1235 308 PALILICII
1291 245 1346 303 A
1389 243 1625 306 LVNA÷
1786 250 1902 316 367

145 409 374 462 dextram
421 415 557 458 ortus
585 445 601 472 ‚
658 401 720 455 ad
769 398 1005 453 sinistram
1078 397 1272 453 occasus
1342 390 1643 471 subintelligi
1685 389 1912 455 debeant.

146 491 234 546 Ab
279 489 617 543 obseruatione
667 501 717 534 1.
766 499 915 553 vsque
961 483 1022 536 ad
1074 488 1163 536 16.
1210 497 1436 539 centrum
1488 486 1630 540 lunae
1674 503 1702 539 a
1748 483 1914 539 Palili-

142 578 227 631 cio
268 575 530 630 declinauit
587 568 805 622 austrum
852 565 1055 638 versus3
1101 569 1164 622 ab
1218 570 1565 624 obseruatione
1616 584 1707 636 17.
1763 570 1912 641 Vsque

145 663 207 717 ad
256 676 351 714 20.
396 655 558 712 versus
598 652 825 706 boream.
899 650 1148 706 Centrum
1195 653 1339 709 lunae
1384 655 1446 708 ab
1486 656 1826 709 obseruatione
1858 672 1910 706 1.

147 747 293 817 *esque
337 743 396 796 ad
440 738 862 794 coniunctionem
901 737 1060 791 visam
1107 755 1225 792 cum
1270 739 1494 792 Palilicio
1538 741 1586 792 in
1615 740 1915 794 Ascensione

106 822 284 885 'recia
350 825 453 879 hoc
512 824 866 878 occidentalius
925 824 1013 877 fuit
1039 867 1053 892 ,
1121 823 1235 895 post
1309 824 1720 878 coniunctionem
1790 839 1916 877 vero

145 910 444 967 orientaliuS.
547 906 787 963 Ceterum
843 909 1235 962 circumstantias
1290 926 1471 963 omnes
1525 907 1664 981 supra
1708 908 1922 978 notaui,

144 997 318 1069 quibus
362 996 422 1048 ad
465 995 819 1066 cognitionem
861 995 1179 1066 parallaxeos
1218 994 1505 1048 ascensionis
1547 996 1711 1050 rectae
1756 1007 1808 1048 et
1849 993 1922 1047 al-

148 1082 371 1135 titudinis
418 1080 560 1134 lunae
604 1096 672 1133 ex
716 1081 830 1133 data
876 1081 974 1134 eius
1018 1080 1267 1152 positione
1311 1081 1372 1132 ad
1419 1079 1695 1134 Palilicium
1732 1081 1782 1134 in
1819 1077 1923 1132 cul-

150 1168 434 1221 minatione
477 1166 528 1219 d.
578 1180 630 1216 2.
679 1164 893 1219 Oetobr.
945 1179 996 1217 et
1041 1166 1152 1224 data
1201 1165 1391 1234 *quauis
1435 1165 1529 1218 alia
1580 1164 1922 1219 obseruatione

139 1253 252 1307 ,loci
300 1252 440 1305 lunae
494 1251 556 1304 ad
598 1248 879 1303 Palilicium
938 1248 1194 1321 peruenire
1249 1249 1381 1302 licet.
1483 1249 1786 1304 Notandum
1842 1265 1924 1301 au-

150 1351 262 1392 tem
311 1336 382 1389 est
408 1379 421 1403 ‚
478 1347 574 1389 tres
630 1347 903 1404 quatuorue
962 1335 1153 1404 priores
1204 1332 1571 1387 obseruationes
1626 1333 1724 1387 loci
1781 1333 1926 1386 lunae

156 1424 217 1477 ad
263 1421 541 1475 Palilicium
601 1430 811 1489 propter
866 1418 1009 1471 lunae
1066 1418 1307 1470 viciniam
1378 1419 1440 1470 ad
1498 1417 1821 1471 horizontem
1879 1430 1928 1470 et

155 1521 394 1577 vaporeS,
439 1503 844 1556 obseruationem
888 1502 1088 1556 subinde
1114 1502 1365 1555 turbantes
1401 1500 1531 1555 mihi
1563 1502 1816 1577 *paulisper
1840 1502 1928 1556 du-

157 1591 260 1644 bias
304 1589 419 1641 esse.

313 1672 674 1725 Phaenomena
720 1671 965 1741 quaedam
1026 1671 1077 1723 in
1126 1669 1558 1726 Occultationibus
1611 1670 1857 1725 stellarum
1904 1687 1934 1725 a

157 1757 276 1826 luna
321 1756 471 1808 obuia
499 1794 513 1819 ,
567 1766 617 1806 et
672 1771 698 1807 a
743 1771 828 1807 me
873 1772 1072 1827 quoque
1125 1769 1233 1808 tum
1291 1756 1342 1808 iu
1386 1756 1670 1827 praesenti,
1721 1769 1832 1811 tum
1877 1758 1931 1810 in

160 1840 508 1894 obseruatione
550 1839 770 1893 transitus
812 1840 957 1894 lunae
999 1858 1092 1913 per
1133 1841 1329 1910 Hyades
1369 1843 1419 1895 d.
1453 1859 1503 1893 2.
1534 1841 1722 1896 Ianuar
1753 1852 1929 1906 1738.

162 1938 337 1980 notata
365 1966 378 1989 ,
435 1925 630 1978 silentio
684 1929 951 1996 praeterire
1005 1944 1241 1999 nequeo3
1298 1945 1420 1998 quae
1473 1945 1603 1982 vero
1665 1944 1932 2000 antequam

162 2011 448 2082 recenseam
476 2052 491 2075 ,
539 2008 788 2080 sequentia
831 2013 1199 2084 praemittenda
1241 2014 1386 2066 duc0.

180 2090 184 2095 ’
325 2096 546 2172 Quando
588 2094 767 2148 Iouem
811 2113 901 2168 per
941 2097 1084 2151 tubos
1127 2098 1347 2151 maiores
1387 2098 1799 2170 contemplamur
1825 2143 1839 2168 ‚
1863 2101 1939 2154 di-

163 2178 344 2234 stincta
384 2180 588 2252 quidem
632 2179 748 2235 disci
789 2183 894 2236 eius
933 2183 1077 2236 datur
1121 2182 1549 2255 repraesentatio3
1607 2183 1811 2238 interim
1866 2199 1937 2238 ta·

169 2281 293 2320 men
336 2282 440 2318 non
481 2281 638 2318 omne
682 2264 858 2320 lumen
901 2269 962 2322 ad
1012 2268 1228 2322 limbum
1273 2266 1389 2322 disci
1432 2270 1593 2323 statim
1635 2267 1784 2323 ceffit't
1810 2257 1938 2338 ,sed

170 2349 382 2421 spatium
425 2349 580 2403 adhuc
625 2363 767 2404 extat
811 2352 942 2405 circa
988 2353 1175 2405 discum
1225 2352 1362 2407 Iouis
1405 2354 1709 2408 luminosum
1736 2397 1751 2422 ,
1807 2356 1942 2409 cuius

171 2436 345 2491 lumen
390 2434 653 2506 inaequalis
690 2435 762 2489 est
804 2436 1098 2490 intensitatis
1122 2478 1137 2504 ‚
1180 2448 1231 2489 et
1276 2439 1554 2492 recedendo
1595 2455 1624 2492 a
1664 2437 1831 2494 limbo
1854 2438 1942 2494 Io·

173 2522 249 2574 vis
287 2522 536 2575 continuo
575 2519 806 2575 decrescit
832 2566 846 2592 ,
899 2523 1075 2576 donec·
1117 2521 1169 2574 in
1214 2522 1418 2577 notabili
1467 2540 1496 2577 a
1537 2522 1663 2577 Ioue
1716 2523 1939 2579 distantia

167 2623 290 2660 ‘cum
346 2605 579 2660 coeruleo
641 2606 769 2660 coeli
823 2608 991 2661 colore
1043 2608 1238 2678 penitus
1287 2606 1647 2662 confimdatur.<
1710 2609 1944 2664 Phaeno-

176 2693 317 2744 meni
372 2691 513 2746 huius
564 2692 692 2745 ratio
750 2692 879 2746 haec*
928 2693 1144 2748 videtur.
1250 2693 1457 2748 Reserat
1517 2692 1688 2747 charta
1746 2692 1835 2766 fig.
1887 2711 1942 2750 2.

181 2777 392 2830 retinam
436 2777 608 2846 oculi,
663 2778 717 2830 in
773 2796 865 2850 qua
922 2778 1116 2832 obiecta
1168 2778 1505 2849 depinguntur
1529 2822 1544 2848 ,
1607 2781 1803 2851 quando
1856 2781 1954 2837 ista

184 2860 429 2916 videmuS.
503 2860 595 2918 -Sit
635 2863 771 2918 amb
810 2865 988 2935 imago
1031 2864 1148 2919 disti
1188 2863 1326 2918 Iouis
1368 2867 1420 2919 in
1460 2866 1636 2919 retina.
1738 2864 1944 2921 Lumen

1887 2966 1942 3005 m

2315 728 2360 757 ἃ)
