2378 3564
430 221 509 286 ει,
551 208 988 271 DETERMIN.
1015 205 1185 268 CAL.
1214 206 1315 263 ΕΓ
1348 206 1726 300 ,ιτιυθοωε
1774 207 2169 274 GRADVVM

426 367 654 422 stantiam
703 362 825 417 solis'
860 380 888 417 a
934 375 1058 416 terra
1085 404 1099 430 ,
1141 357 1384 413 existente
1425 357 1797 417 semidiametro
1836 364 1944 420 solis
1986 382 2060 419 z
2090 383 2115 417 1
2151 386 2184 439 ἰ

424 451 521 506 fiue
563 452 717 502 etiam
770 448 977 520 spectari
1032 446 1195 518 potest
1251 460 1276 499 s
1326 457 1566 515 tanquam
1623 459 1892 518 cotangens
1945 451 2170 505 semidia-

422 534 573 588 metri
628 533 742 587 lolis
794 534 1095 606 apparentis.
1190 529 1292 584 Vel
1332 529 1370 584 fi
1413 541 1616 600 tangens
1668 533 2021 588 semidiametri
2067 536 2173 590 solis

423 620 710 690 apparentis
763 631 983 690 ponatur
1017 635 1093 671 :z
1127 636 1162 670 κ
1188 659 1203 685 ‚
1257 615 1351 668 erit
1395 613 1603 667 vltimus
1659 615 1832 685 gradus
1885 617 2057 672 caloris
2097 637 2173 672 z

424 695 606 759 cn'v:
652 703 686 757 fi
727 704 931 774 quidem
979 701 1048 756 sol
1089 701 1304 756 verletur
1344 697 1484 769 supra
1529 698 1846 752 horizontem
1879 719 1888 751 ;
1935 689 1983 752 at
2028 702 2064 754 fi
2106 702 2177 756 sol

426 787 509 843 sub
555 788 814 847 horizonte
858 789 1011 841 lateat
1038 830 1051 853 ,
1098 787 1272 856 gradus
1314 783 1402 837 iste
1447 785 1541 853 erit
1583 776 1657 837 'z
1703 801 1736 835 o
1768 828 1782 853 ‚
1837 785 1918 855 qui
1972 785 2041 839 est
2085 801 2177 838 ex·-

427 885 615 927 tremus
645 871 973 942 ‘'stimmusque
1019 870 1212 939 frigoris
1255 869 1442 937 gradus,

581 956 626 1018 §.
659 959 716 1006 6.
774 954 887 1006 Hoc
942 954 1091 1022 igitur
1144 952 1309 1003 modo
1352 950 1537 1018 vbique
1592 961 1835 1004 terrarum
1878 952 2011 1006 calor
2052 951 2181 1007 foret

424 1049 746 1110 comparatus
769 1082 783 1106 ,
828 1037 865 1092 fi
909 1035 980 1090 sol
1023 1033 1246 1105 respectu
1293 1047 1451 1086 terrae
1493 1031 1788 1104 quiesceret,
1831 1051 1890 1087 ac
1935 1047 2181 1105 perpetuo

423 1124 645 1177 eundem
691 1122 838 1176 situm
878 1124 1124 1174 retineret.
1214 1116 1412 1172 Scilicet
1466 1118 1518 1170 in
1563 1117 1619 1170 iis
1663 1119 1945 1189 regionibus
1986 1119 2039 1171 in
2076 1120 2178 1191 qui-

427 1208 515 1262 bus
571 1207 639 1260 sol
695 1219 996 1277 appareret,
1041 1202 1183 1263 ,foret
1225 1202 1396 1274 aliquis
1450 1201 1628 1256 caloris
1685 1203 1858 1273 gradus
1881 1247 1895 1272 ‚
1938 1205 2073 1275 isque
2118 1221 2183 1259 eo

428 1292 599 1349 maior
627 1333 641 1359 ‚
699 1308 800 1362 quo
844 1291 1003 1362 magis
1057 1287 1127 1343 sol
1171 1287 1315 1341 fuerit
1370 1287 1602 1341 eleuatus.
1701 1286 1763 1340 In
1809 1287 1966 1342 altero
2008 1301 2179 1344 autem

428 1375 812 1448 hemisphaerio
836 1419 849 1445 ,
874 1393 903 1429 a
947 1374 1045 1428 sole
1085 1370 1257 1426 averso
1282 1415 1296 1441 ‚
1348 1371 1608 1426 summum
1654 1385 1904 1442 perpetuo
1946 1385 2179 1444 regnaret

428 1461 575 1530 frigus
598 1503 614 1528 ‚
659 1460 747 1512 nisi
789 1472 1026 1529 quatenus
1067 1457 1204 1511 calor
1246 1457 1400 1526 partis
1440 1457 1700 1527 oppositae
1744 1457 1987 1511 influeret.
2079 1457 2181 1513 Hic

429 1560 556 1597 vero
612 1543 676 1597 ab
721 1542 1001 1596 istiusmodi
1052 1536 1431 1595 circumstantiis
1483 1540 1816 1610 cogitationes
1868 1541 2057 1610 prorsus
2095 1543 2179 1596 ab·

427 1628 585 1683 stineo
610 1672 625 1697 ,
669 1645 828 1700 neque
871 1626 1025 1680 alium
1073 1624 1249 1680 caloris
1291 1622 1484 1677 fontem
1533 1633 1735 1694 praeter
1785 1621 1940 1676 solem
1968 1665 1984 1691 ,
2027 1625 2184 1678 confi-

430 1713 585 1775 derO„
618 1711 858 1786 Hancque
903 1712 973 1766 ob
1015 1728 1124 1766 rem
1171 1725 1387 1764 omnem
1429 1708 1696 1762 materiam
1723 1707 2000 1761 terrestrem
2025 1709 2185 1762 cuius-

395 1800 508 1871 'vis
552 1798 732 1869 gradus
780 1797 957 1852 caloris
1011 1811 1062 1850 et
1115 1794 1314 1866 frigoris
1378 1810 1532 1865 aeque
1587 1790 1948 1863 susceptibilem
2004 1808 2145 1863 pono
2171 1835 2189 1863 ,

430 1882 497 1937 ita
541 1896 596 1936 vt
643 1883 817 1954 quouis
857 1896 1099 1954 tempore
1141 1881 1212 1933 in·
1237 1895 1361 1934 eum
1404 1879 1589 1934 statum
1634 1878 1958 1932 constituatur
1981 1921 1996 1948 ,
2031 1894 2184 1950 quem

433 1967 630 2040 regulae
674 1968 945 2040 requirunt.

588 2053 632 2117 ξ.
665 2065 722 2117 7.
781 2051 835 2106 Si
876 2054 1027 2125 igitur
1077 2064 1235 2104 terrae
1276 2049 1418 2120 regio
1459 2048 1564 2101 iam
1607 2046 1750 2099 illum
1797 2044 1959 2115 ipsum
2003 2044 2186 2099 habeat

434 2135 604 2193 caloris
658 2136 868 2207 gradum
898 2180 912 2205 ‚
981 2151 1137 2207 quem
1205 2132 1277 2186 sol
1342 2132 1434 2202 ipfi
1500 2130 1880 2184 communicare
1931 2142 2142 2183 conetur
2168 2173 2185 2201 ,

437 2237 686 2292 quemque
741 2220 854 2273 astu
908 2222 1115 2273 tandem
1160 2217 1415 2269 induceret
1440 2258 1456 2285 ,
1495 2214 1596 2268 -nifi
1638 2230 1755 2266 eum
1800 2213 1904 2267 iam
1948 2213 2184 2286 haberet;

439 2294 549 2357 tum
595 2304 724 2357 nulla
767 2306 960 2357 eueniet
1005 2302 1226 2356 mutatio
1267 2299 1441 2354 caloris
1483 2300 1534 2352 in
1581 2315 1640 2352 ea
1684 2298 1887 2369 regione
1914 2341 1929 2366 ‚
1982 2298 2061 2352 sed
2103 2296 2187 2351 ille

393 2457 395 2460 Α
439 2388 541 2459 ipse
596 2390 771 2459 gradus
827 2387 1208 2442 conseruabitur.
1307 2385 1382 2438 At
1435 2384 1472 2438 fi
1523 2382 1742 2455 praeiens
1794 2383 2009 2452 regionis
2050 2382 2188 2438 calor

439 2474 525 2526 vel
567 2474 730 2526 maior
776 2473 834 2525 sit
877 2473 958 2525 vel
1003 2473 1211 2536 minor,
1270 2487 1423 2541 quam
1477 2469 1611 2522 calor
1653 2467 1886 2521 naturalis
1927 2466 2034 2520 situi
2078 2466 2188 2522 solis

438 2556 742 2627 respondens
766 2601 781 2625 ,
850 2571 960 2611 tum
1024 2555 1281 2626 paullatim
1328 2555 1409 2607 ille
1449 2552 1590 2606 calor
1630 2552 1716 2606 vel
1756 2542 2062 2605 diminuetur
2101 2549 2187 2605 vel

440 2641 696 2710 augebitur
720 2685 736 2711 ,
776 2642 932 2694 donec
977 2642 1182 2694 tandem
1224 2640 1375 2693 calori
1422 2638 1535 2690 solis
1575 2635 1778 2690 naturali
1823 2635 2036 2705 aequalis
2076 2632 2184 2688 fiat.

442 2724 723 2777 Verisimile
794 2741 959 2779 autem
1004 2727 1204 2778 videtur
1231 2768 1247 2794 ,
1298 2724 1473 2778 caloris
1514 2722 1642 2773 illius
1683 2719 1768 2771 vel
1809 2731 2076 2788 augmenta
2100 2717 2183 2775 vel

439 2809 757 2862 decrementa
781 2852 799 2877 2,
866 2827 991 2881 quae
1043 2811 1164 2862 dato
1216 2821 1451 2877 tempore
1515 2806 1781 2875 gignuntur
1808 2843 1826 2872 ‚
1880 2802 2185 2858 differentiae

1956 2887 2188 2944 calorum
