<?xml version="1.0" encoding="UTF-8"?>
<!DOCTYPE html PUBLIC "-//W3C//DTD XHTML 1.0 Transitional//EN"
    "http://www.w3.org/TR/xhtml1/DTD/xhtml1-transitional.dtd">
<html xmlns="http://www.w3.org/1999/xhtml" xml:lang="en" lang="en">
 <head>
  <title>
</title>
<meta http-equiv="Content-Type" content="text/html;charset=utf-8" />
  <meta name='ocr-system' content='tesseract 3.04.00' />
  <meta name='ocr-capabilities' content='ocr_page ocr_carea ocr_par ocr_line ocrx_word'/>
</head>
<body>
  <div class='ocr_page' id='page_1' title='image "./commentariiacade11impe_0272.png"; bbox 0 0 2378 3564; ppageno 0'>
   <div class='ocr_carea' id='block_1_1' title="bbox 455 144 2009 273">
    <p class='ocr_par' dir='ltr' id='par_1_1' title="bbox 455 144 2009 273">
     <span class='ocr_line' id='line_1_1' title="bbox 455 144 2009 273; baseline 0.002 -12"><span class='ocrx_word' id='word_1_1' title='bbox 455 208 580 273; x_wconf 64' lang='lat'>264</span> <span class='ocrx_word' id='word_1_2' title='bbox 730 144 1240 257; x_wconf 66' lang='lat' dir='ltr'><em>SCHEDIASMA</em></span> <span class='ocrx_word' id='word_1_3' title='bbox 1279 191 1390 256; x_wconf 82' lang='lat' dir='ltr'>DE</span> <span class='ocrx_word' id='word_1_4' title='bbox 1429 192 1882 266; x_wconf 82' lang='lat' dir='ltr'><em>VENTORVM</em></span> <span class='ocrx_word' id='word_1_5' title='bbox 1917 218 2009 266; x_wconf 70' lang='lat' dir='ltr'>m.</span> 
     </span>
    </p>
   </div>
   <div class='ocr_carea' id='block_1_2' title="bbox 438 349 2229 2987">
    <p class='ocr_par' dir='ltr' id='par_1_2' title="bbox 438 349 2229 2642">
     <span class='ocr_line' id='line_1_2' title="bbox 602 349 2216 435; baseline 0.007 -29"><span class='ocrx_word' id='word_1_6' title='bbox 602 351 652 423; x_wconf 82' lang='lat'>§.</span> <span class='ocrx_word' id='word_1_7' title='bbox 686 364 740 420; x_wconf 82' lang='grc' dir='ltr'>ς.</span> <span class='ocrx_word' id='word_1_8' title='bbox 784 349 1214 407; x_wconf 84' lang='lat' dir='ltr'>Barometrorum</span> <span class='ocrx_word' id='word_1_9' title='bbox 1257 349 1393 407; x_wconf 80' lang='lat' dir='ltr'>·vsus</span> <span class='ocrx_word' id='word_1_10' title='bbox 1440 369 1494 405; x_wconf 73' lang='grc' dir='ltr'>ι.</span> <span class='ocrx_word' id='word_1_11' title='bbox 1543 350 1743 410; x_wconf 74' lang='lat' dir='ltr'>inseruit</span> <span class='ocrx_word' id='word_1_12' title='bbox 1799 359 1859 412; x_wconf 81' lang='lat' dir='ltr'>ad</span> <span class='ocrx_word' id='word_1_13' title='bbox 1904 359 2216 435; x_wconf 46' lang='lat' dir='ltr'>cognoscem*</span> 
     </span>
     <span class='ocr_line' id='line_1_3' title="bbox 447 438 2214 516; baseline 0.005 -18"><span class='ocrx_word' id='word_1_14' title='bbox 447 439 576 499; x_wconf 84' lang='lat' dir='ltr'>dum</span> <span class='ocrx_word' id='word_1_15' title='bbox 625 439 743 494; x_wconf 87' lang='lat' dir='ltr'>illud</span> <span class='ocrx_word' id='word_1_16' title='bbox 783 439 981 513; x_wconf 89' lang='lat' dir='ltr'>pondus</span> <span class='ocrx_word' id='word_1_17' title='bbox 1023 438 1482 515; x_wconf 84' lang='lat' dir='ltr'>atmosphaericum</span> <span class='ocrx_word' id='word_1_18' title='bbox 1507 483 1523 511; x_wconf 84' lang='lat'>,</span> <span class='ocrx_word' id='word_1_19' title='bbox 1550 457 1652 512; x_wconf 84' lang='lat' dir='ltr'>quo</span> <span class='ocrx_word' id='word_1_20' title='bbox 1695 443 1865 516; x_wconf 79' lang='lat' dir='ltr'>quauis</span> <span class='ocrx_word' id='word_1_21' title='bbox 1906 443 2030 502; x_wconf 82' lang='lat' dir='ltr'>hora</span> <span class='ocrx_word' id='word_1_22' title='bbox 2055 463 2107 504; x_wconf 88' lang='lat' dir='ltr'>et</span> <span class='ocrx_word' id='word_1_23' title='bbox 2130 450 2214 506; x_wconf 82' lang='lat' dir='ltr'>die</span> 
     </span>
     <span class='ocr_line' id='line_1_4' title="bbox 446 523 2214 603; baseline 0.007 -23"><span class='ocrx_word' id='word_1_24' title='bbox 446 545 563 603; x_wconf 77' lang='lat' dir='ltr'>pars</span> <span class='ocrx_word' id='word_1_25' title='bbox 605 525 770 598; x_wconf 84' lang='lat' dir='ltr'>aliqua</span> <span class='ocrx_word' id='word_1_26' title='bbox 835 523 1116 598; x_wconf 86' lang='lat' dir='ltr'>superficiei</span> <span class='ocrx_word' id='word_1_27' title='bbox 1182 526 1418 581; x_wconf 84' lang='lat' dir='ltr'>terrestris</span> <span class='ocrx_word' id='word_1_28' title='bbox 1482 529 1773 601; x_wconf 76' lang='lat' dir='ltr'>premitur3</span> <span class='ocrx_word' id='word_1_29' title='bbox 1833 544 1886 581; x_wconf 87' lang='lat'>2.</span> <span class='ocrx_word' id='word_1_30' title='bbox 1937 536 2214 602; x_wconf 83' lang='lat' dir='ltr'>praeuideri</span> 
     </span>
     <span class='ocr_line' id='line_1_5' title="bbox 446 608 2212 687; baseline 0.006 -21"><span class='ocrx_word' id='word_1_31' title='bbox 446 612 616 687; x_wconf 86' lang='lat' dir='ltr'>potest</span> <span class='ocrx_word' id='word_1_32' title='bbox 640 655 655 683; x_wconf 88' lang='lat'>‚</span> <span class='ocrx_word' id='word_1_33' title='bbox 711 626 780 665; x_wconf 88' lang='lat' dir='ltr'>ex</span> <span class='ocrx_word' id='word_1_34' title='bbox 821 627 1002 666; x_wconf 89' lang='lat' dir='ltr'>eorum</span> <span class='ocrx_word' id='word_1_35' title='bbox 1070 608 1203 685; x_wconf 84' lang='lat' dir='ltr'>lapsu</span> <span class='ocrx_word' id='word_1_36' title='bbox 1243 624 1332 669; x_wconf 66' lang='lat' dir='ltr'>,aut</span> <span class='ocrx_word' id='word_1_37' title='bbox 1375 612 1561 668; x_wconf 83' lang='lat' dir='ltr'>ascensu</span> <span class='ocrx_word' id='word_1_38' title='bbox 1629 613 1786 669; x_wconf 90' lang='lat' dir='ltr'>subito</span> <span class='ocrx_word' id='word_1_39' title='bbox 1811 657 1827 685; x_wconf 88' lang='lat'>,</span> <span class='ocrx_word' id='word_1_40' title='bbox 1894 618 2212 677; x_wconf 87' lang='lat' dir='ltr'>exoriturum</span> 
     </span>
     <span class='ocr_line' id='line_1_6' title="bbox 444 697 2217 775; baseline 0.003 -22"><span class='ocrx_word' id='word_1_41' title='bbox 444 698 544 753; x_wconf 87' lang='lat' dir='ltr'>effe</span> <span class='ocrx_word' id='word_1_42' title='bbox 589 709 801 754; x_wconf 77' lang='lat' dir='ltr'>ventum</span> <span class='ocrx_word' id='word_1_43' title='bbox 843 697 1062 771; x_wconf 81' lang='lat' dir='ltr'>aliquem</span> <span class='ocrx_word' id='word_1_44' title='bbox 1109 697 1467 754; x_wconf 82' lang='lat' dir='ltr'>vehementem</span> <span class='ocrx_word' id='word_1_45' title='bbox 1494 743 1511 771; x_wconf 87' lang='lat'>‚</span> <span class='ocrx_word' id='word_1_46' title='bbox 1554 699 1635 755; x_wconf 88' lang='lat' dir='ltr'>sed</span> <span class='ocrx_word' id='word_1_47' title='bbox 1674 702 1785 775; x_wconf 80' lang='lat' dir='ltr'>quis</span> <span class='ocrx_word' id='word_1_48' title='bbox 1826 714 1912 756; x_wconf 85' lang='lat' dir='ltr'>aut</span> <span class='ocrx_word' id='word_1_49' title='bbox 1953 703 2107 775; x_wconf 83' lang='lat' dir='ltr'>qualis</span> <span class='ocrx_word' id='word_1_50' title='bbox 2133 703 2217 760; x_wconf 82' lang='lat' dir='ltr'>ille</span> 
     </span>
     <span class='ocr_line' id='line_1_7' title="bbox 448 781 2218 856; baseline 0.003 -17"><span class='ocrx_word' id='word_1_51' title='bbox 448 782 637 839; x_wconf 65' lang='lat' dir='ltr'>flaturus</span> <span class='ocrx_word' id='word_1_52' title='bbox 681 784 740 837; x_wconf 80' lang='lat' dir='ltr'>sit</span> <span class='ocrx_word' id='word_1_53' title='bbox 766 826 779 852; x_wconf 86' lang='lat'><em>,</em></span> <span class='ocrx_word' id='word_1_54' title='bbox 826 784 1074 854; x_wconf 81' lang='lat' dir='ltr'>profiinde</span> <span class='ocrx_word' id='word_1_55' title='bbox 1118 781 1420 856; x_wconf 76' lang='lat' dir='ltr'>ignoratur3</span> <span class='ocrx_word' id='word_1_56' title='bbox 1470 799 1528 849; x_wconf 82' lang='lat'>3.</span> <span class='ocrx_word' id='word_1_57' title='bbox 1577 787 1614 843; x_wconf 87' lang='lat' dir='ltr'>fi</span> <span class='ocrx_word' id='word_1_58' title='bbox 1657 788 1893 842; x_wconf 85' lang='lat' dir='ltr'>altiorem</span> <span class='ocrx_word' id='word_1_59' title='bbox 1949 801 2116 844; x_wconf 88' lang='lat' dir='ltr'>teneat</span> <span class='ocrx_word' id='word_1_60' title='bbox 2163 789 2218 844; x_wconf 87' lang='lat' dir='ltr'>in</span> 
     </span>
     <span class='ocr_line' id='line_1_8' title="bbox 445 866 2220 946; baseline 0.005 -24"><span class='ocrx_word' id='word_1_61' title='bbox 445 867 493 923; x_wconf 85' lang='lat' dir='ltr'>se</span> <span class='ocrx_word' id='word_1_62' title='bbox 539 867 845 922; x_wconf 81' lang='lat' dir='ltr'>mercurium</span> <span class='ocrx_word' id='word_1_63' title='bbox 886 866 1164 937; x_wconf 75' lang='lat' dir='ltr'>,suspensum</span> <span class='ocrx_word' id='word_1_64' title='bbox 1192 909 1209 936; x_wconf 80' lang='lat'>,</span> <span class='ocrx_word' id='word_1_65' title='bbox 1253 884 1409 938; x_wconf 86' lang='lat' dir='ltr'>quam</span> <span class='ocrx_word' id='word_1_66' title='bbox 1455 873 1704 925; x_wconf 80' lang='lat' dir='ltr'>ordinarie</span> <span class='ocrx_word' id='word_1_67' title='bbox 1748 873 1853 927; x_wconf 88' lang='lat' dir='ltr'>fieri</span> <span class='ocrx_word' id='word_1_68' title='bbox 1886 873 2007 929; x_wconf 89' lang='lat' dir='ltr'>solet</span> <span class='ocrx_word' id='word_1_69' title='bbox 2030 918 2046 946; x_wconf 85' lang='lat'>,</span> <span class='ocrx_word' id='word_1_70' title='bbox 2090 873 2220 930; x_wconf 86' lang='lat' dir='ltr'>sere·</span> 
     </span>
     <span class='ocr_line' id='line_1_9' title="bbox 444 950 2215 1030; baseline 0.007 -25"><span class='ocrx_word' id='word_1_71' title='bbox 444 952 657 1005; x_wconf 83' lang='lat' dir='ltr'>nitatem</span> <span class='ocrx_word' id='word_1_72' title='bbox 706 950 1037 1025; x_wconf 82' lang='lat' dir='ltr'>conspicimus</span> <span class='ocrx_word' id='word_1_73' title='bbox 1079 950 1421 1022; x_wconf 84' lang='lat' dir='ltr'>vtplurimum</span> <span class='ocrx_word' id='word_1_74' title='bbox 1448 997 1464 1025; x_wconf 82' lang='lat'>,</span> <span class='ocrx_word' id='word_1_75' title='bbox 1509 954 1588 1010; x_wconf 88' lang='lat' dir='ltr'>sed</span> <span class='ocrx_word' id='word_1_76' title='bbox 1633 958 1921 1030; x_wconf 76' lang='lat' dir='ltr'>praedicere</span> <span class='ocrx_word' id='word_1_77' title='bbox 1965 975 2081 1014; x_wconf 84' lang='lat' dir='ltr'>eam</span> <span class='ocrx_word' id='word_1_78' title='bbox 2115 962 2215 1018; x_wconf 82' lang='lat' dir='ltr'>vix</span> 
     </span>
     <span class='ocr_line' id='line_1_10' title="bbox 443 1036 2228 1110; baseline 0.006 -20"><span class='ocrx_word' id='word_1_79' title='bbox 443 1036 852 1110; x_wconf 42' lang='lat' dir='ltr'>poffumus314,</span> <span class='ocrx_word' id='word_1_80' title='bbox 897 1037 1078 1092; x_wconf 87' lang='lat' dir='ltr'>scimus</span> <span class='ocrx_word' id='word_1_81' title='bbox 1099 1038 1254 1094; x_wconf 83' lang='lat' dir='ltr'>etiam</span> <span class='ocrx_word' id='word_1_82' title='bbox 1302 1041 1603 1097; x_wconf 76' lang='lat' dir='ltr'>variationes</span> <span class='ocrx_word' id='word_1_83' title='bbox 1643 1042 1747 1097; x_wconf 88' lang='lat' dir='ltr'>eius</span> <span class='ocrx_word' id='word_1_84' title='bbox 1785 1045 2005 1099; x_wconf 84' lang='lat' dir='ltr'>maiores</span> <span class='ocrx_word' id='word_1_85' title='bbox 2043 1044 2139 1099; x_wconf 85' lang='lat' dir='ltr'>effe</span> <span class='ocrx_word' id='word_1_86' title='bbox 2162 1047 2228 1109; x_wconf 7' lang='lat' dir='ltr'>in?</span> 
     </span>
     <span class='ocr_line' id='line_1_11' title="bbox 443 1121 2216 1204; baseline 0.006 -28"><span class='ocrx_word' id='word_1_87' title='bbox 443 1121 568 1177; x_wconf 90' lang='lat' dir='ltr'>locis</span> <span class='ocrx_word' id='word_1_88' title='bbox 608 1122 1069 1195; x_wconf 75' lang='lat' dir='ltr'>septentrionalibus</span> <span class='ocrx_word' id='word_1_89' title='bbox 1103 1140 1258 1195; x_wconf 83' lang='lat' dir='ltr'>quam</span> <span class='ocrx_word' id='word_1_90' title='bbox 1304 1126 1469 1180; x_wconf 71' lang='lat' dir='ltr'>versus</span> <span class='ocrx_word' id='word_1_91' title='bbox 1505 1128 1772 1182; x_wconf 81' lang='lat' dir='ltr'>meridiem</span> <span class='ocrx_word' id='word_1_92' title='bbox 1821 1129 1960 1204; x_wconf 78' lang='lat' dir='ltr'>sitis;</span> <span class='ocrx_word' id='word_1_93' title='bbox 2015 1143 2069 1198; x_wconf 80' lang='grc'>5.</span> <span class='ocrx_word' id='word_1_94' title='bbox 2108 1145 2216 1204; x_wconf 79' lang='lat' dir='ltr'>ope</span> 
     </span>
     <span class='ocr_line' id='line_1_12' title="bbox 444 1206 2218 1287; baseline 0.007 -26"><span class='ocrx_word' id='word_1_95' title='bbox 444 1208 550 1261; x_wconf 79' lang='lat' dir='ltr'>eius</span> <span class='ocrx_word' id='word_1_96' title='bbox 603 1207 860 1262; x_wconf 88' lang='lat' dir='ltr'>montium</span> <span class='ocrx_word' id='word_1_97' title='bbox 903 1206 1188 1263; x_wconf 77' lang='lat' dir='ltr'>altitudines</span> <span class='ocrx_word' id='word_1_98' title='bbox 1238 1212 1412 1266; x_wconf 85' lang='lat' dir='ltr'>metiri</span> <span class='ocrx_word' id='word_1_99' title='bbox 1478 1223 1538 1265; x_wconf 86' lang='lat' dir='ltr'>vt</span> <span class='ocrx_word' id='word_1_100' title='bbox 1560 1228 1752 1285; x_wconf 80' lang='lat' dir='ltr'>cunque</span> <span class='ocrx_word' id='word_1_101' title='bbox 1820 1215 2128 1287; x_wconf 83' lang='lat' dir='ltr'>didicimus;</span> <span class='ocrx_word' id='word_1_102' title='bbox 2175 1214 2218 1274; x_wconf 87' lang='lat' dir='ltr'><strong>fi</strong></span> 
     </span>
     <span class='ocr_line' id='line_1_13' title="bbox 445 1292 2212 1374; baseline 0.006 -28"><span class='ocrx_word' id='word_1_103' title='bbox 445 1305 575 1346; x_wconf 78' lang='lat' dir='ltr'>vero</span> <span class='ocrx_word' id='word_1_104' title='bbox 622 1292 704 1348; x_wconf 83' lang='lat' dir='ltr'>ahi</span> <span class='ocrx_word' id='word_1_105' title='bbox 750 1306 1004 1368; x_wconf 81' lang='lat' dir='ltr'>praeterea</span> <span class='ocrx_word' id='word_1_106' title='bbox 1048 1295 1251 1365; x_wconf 86' lang='lat' dir='ltr'>quidam</span> <span class='ocrx_word' id='word_1_107' title='bbox 1296 1293 1478 1350; x_wconf 83' lang='lat' dir='ltr'>harum</span> <span class='ocrx_word' id='word_1_108' title='bbox 1519 1297 1877 1354; x_wconf 84' lang='lat' dir='ltr'>machinarum</span> <span class='ocrx_word' id='word_1_109' title='bbox 1923 1301 2029 1357; x_wconf 81' lang='lat' dir='ltr'>vsus</span> <span class='ocrx_word' id='word_1_110' title='bbox 2062 1300 2170 1357; x_wconf 89' lang='lat' dir='ltr'>sunt</span> <span class='ocrx_word' id='word_1_111' title='bbox 2194 1344 2212 1374; x_wconf 85' lang='lat'>‚</span> 
     </span>
     <span class='ocr_line' id='line_1_14' title="bbox 441 1374 2212 1456; baseline 0.006 -26"><span class='ocrx_word' id='word_1_112' title='bbox 441 1374 518 1430; x_wconf 86' lang='lat' dir='ltr'>illi</span> <span class='ocrx_word' id='word_1_113' title='bbox 564 1390 701 1430; x_wconf 87' lang='lat' dir='ltr'>certe</span> <span class='ocrx_word' id='word_1_114' title='bbox 724 1419 740 1445; x_wconf 83' lang='lat'>‚</span> <span class='ocrx_word' id='word_1_115' title='bbox 781 1394 941 1447; x_wconf 76' lang='lat' dir='ltr'>aeque</span> <span class='ocrx_word' id='word_1_116' title='bbox 982 1389 1041 1431; x_wconf 67' lang='lat' dir='ltr'>vt</span> <span class='ocrx_word' id='word_1_117' title='bbox 1081 1378 1141 1431; x_wconf 80' lang='lat' dir='ltr'>hi</span> <span class='ocrx_word' id='word_1_118' title='bbox 1184 1380 1291 1431; x_wconf 79' lang='lat' dir='ltr'>&#39;iam</span> <span class='ocrx_word' id='word_1_119' title='bbox 1336 1381 1582 1452; x_wconf 78' lang='lat' dir='ltr'>allegati,</span> <span class='ocrx_word' id='word_1_120' title='bbox 1627 1383 1698 1438; x_wconf 83' lang='lat' dir='ltr'>ita</span> <span class='ocrx_word' id='word_1_121' title='bbox 1743 1387 2022 1456; x_wconf 83' lang='lat' dir='ltr'>comparati</span> <span class='ocrx_word' id='word_1_122' title='bbox 2066 1386 2212 1456; x_wconf 83' lang='lat' dir='ltr'>sunt,</span> 
     </span>
     <span class='ocr_line' id='line_1_15' title="bbox 441 1459 2211 1536; baseline 0.007 -24"><span class='ocrx_word' id='word_1_123' title='bbox 441 1470 504 1513; x_wconf 78' lang='lat' dir='ltr'>vt</span> <span class='ocrx_word' id='word_1_124' title='bbox 550 1459 917 1536; x_wconf 78' lang='lat' dir='ltr'>tempestatum</span> <span class='ocrx_word' id='word_1_125' title='bbox 957 1471 1016 1513; x_wconf 86' lang='lat' dir='ltr'>et</span> <span class='ocrx_word' id='word_1_126' title='bbox 1057 1461 1402 1516; x_wconf 71' lang='lat' dir='ltr'>mutationum</span> <span class='ocrx_word' id='word_1_127' title='bbox 1441 1465 1572 1518; x_wconf 64' lang='lat' dir='ltr'>aeris</span> <span class='ocrx_word' id='word_1_128' title='bbox 1612 1465 1665 1517; x_wconf 91' lang='lat' dir='ltr'>in</span> <span class='ocrx_word' id='word_1_129' title='bbox 1720 1469 1973 1534; x_wconf 89' lang='lat' dir='ltr'>posterum</span> <span class='ocrx_word' id='word_1_130' title='bbox 2030 1468 2211 1525; x_wconf 74' lang='lat' dir='ltr'>fiitura-</span> 
     </span>
     <span class='ocr_line' id='line_1_16' title="bbox 439 1544 2229 1621; baseline 0.004 -21"><span class='ocrx_word' id='word_1_131' title='bbox 439 1561 560 1601; x_wconf 84' lang='lat' dir='ltr'>tum</span> <span class='ocrx_word' id='word_1_132' title='bbox 604 1562 667 1600; x_wconf 90' lang='lat' dir='ltr'>ne</span> <span class='ocrx_word' id='word_1_133' title='bbox 735 1545 954 1602; x_wconf 83' lang='lat' dir='ltr'>minima</span> <span class='ocrx_word' id='word_1_134' title='bbox 1017 1546 1226 1621; x_wconf 71' lang='lat' dir='ltr'>quidem</span> <span class='ocrx_word' id='word_1_135' title='bbox 1291 1547 1479 1602; x_wconf 81' lang='lat' dir='ltr'>exinde</span> <span class='ocrx_word' id='word_1_136' title='bbox 1545 1544 1733 1602; x_wconf 86' lang='lat' dir='ltr'>hauriri</span> <span class='ocrx_word' id='word_1_137' title='bbox 1777 1547 1925 1620; x_wconf 86' lang='lat' dir='ltr'>poffit</span> <span class='ocrx_word' id='word_1_138' title='bbox 1991 1550 2229 1621; x_wconf 74' lang='lat' dir='ltr'>suspicio.-</span> 
     </span>
     <span class='ocr_line' id='line_1_17' title="bbox 438 1630 2219 1707; baseline 0.003 -22"><span class='ocrx_word' id='word_1_139' title='bbox 438 1630 602 1707; x_wconf 82' lang='lat' dir='ltr'>Quod</span> <span class='ocrx_word' id='word_1_140' title='bbox 646 1631 781 1686; x_wconf 87' lang='lat' dir='ltr'>idem</span> <span class='ocrx_word' id='word_1_141' title='bbox 825 1648 944 1686; x_wconf 88' lang='lat' dir='ltr'>cum</span> <span class='ocrx_word' id='word_1_142' title='bbox 996 1642 1055 1687; x_wconf 88' lang='lat' dir='ltr'>et</span> <span class='ocrx_word' id='word_1_143' title='bbox 1098 1633 1261 1706; x_wconf 82' lang='lat' dir='ltr'>magis</span> <span class='ocrx_word' id='word_1_144' title='bbox 1322 1631 1487 1688; x_wconf 82' lang='lat' dir='ltr'>adhuc</span> <span class='ocrx_word' id='word_1_145' title='bbox 1529 1633 1597 1687; x_wconf 86' lang='lat' dir='ltr'>de</span> <span class='ocrx_word' id='word_1_146' title='bbox 1660 1633 1711 1687; x_wconf 89' lang='lat' dir='ltr'>T</span> <span class='ocrx_word' id='word_1_147' title='bbox 1717 1631 2075 1689; x_wconf 88' lang='lat' dir='ltr'>hermometro</span> <span class='ocrx_word' id='word_1_148' title='bbox 2103 1677 2120 1705; x_wconf 83' lang='lat'>‚</span> <span class='ocrx_word' id='word_1_149' title='bbox 2164 1642 2219 1692; x_wconf 85' lang='lat' dir='ltr'>et</span> 
     </span>
     <span class='ocr_line' id='line_1_18' title="bbox 442 1716 2217 1793; baseline 0.001 -20"><span class='ocrx_word' id='word_1_150' title='bbox 442 1717 636 1790; x_wconf 85' lang='lat' dir='ltr'>reliquis</span> <span class='ocrx_word' id='word_1_151' title='bbox 680 1716 1022 1775; x_wconf 84' lang='lat' dir='ltr'>Instrumentis</span> <span class='ocrx_word' id='word_1_152' title='bbox 1060 1717 1501 1793; x_wconf 78' lang='lat' dir='ltr'>Meteorognofiae</span> <span class='ocrx_word' id='word_1_153' title='bbox 1544 1718 1917 1775; x_wconf 88' lang='lat' dir='ltr'>inseruientibus</span> <span class='ocrx_word' id='word_1_154' title='bbox 1940 1764 1957 1792; x_wconf 78' lang='lat'>‚</span> <span class='ocrx_word' id='word_1_155' title='bbox 1991 1717 2217 1776; x_wconf 78' lang='lat' dir='ltr'>affirma·</span> 
     </span>
     <span class='ocr_line' id='line_1_19' title="bbox 444 1803 2217 1880; baseline 0.003 -23"><span class='ocrx_word' id='word_1_156' title='bbox 444 1804 489 1858; x_wconf 77' lang='lat' dir='ltr'>ri</span> <span class='ocrx_word' id='word_1_157' title='bbox 532 1803 749 1860; x_wconf 87' lang='lat' dir='ltr'>debeat:</span> <span class='ocrx_word' id='word_1_158' title='bbox 793 1818 1026 1878; x_wconf 83' lang='lat' dir='ltr'>apertum</span> <span class='ocrx_word' id='word_1_159' title='bbox 1070 1805 1141 1860; x_wconf 85' lang='lat' dir='ltr'>ast</span> <span class='ocrx_word' id='word_1_160' title='bbox 1167 1848 1182 1875; x_wconf 84' lang='lat'>‚</span> <span class='ocrx_word' id='word_1_161' title='bbox 1223 1804 1448 1861; x_wconf 65' lang='lat' dir='ltr'>detestas</span> <span class='ocrx_word' id='word_1_162' title='bbox 1490 1807 1698 1880; x_wconf 85' lang='lat' dir='ltr'>quidem</span> <span class='ocrx_word' id='word_1_163' title='bbox 1745 1805 1842 1861; x_wconf 83' lang='lat' dir='ltr'>effe</span> <span class='ocrx_word' id='word_1_164' title='bbox 1884 1823 1988 1878; x_wconf 88' lang='lat' dir='ltr'>ope</span> <span class='ocrx_word' id='word_1_165' title='bbox 2028 1804 2217 1866; x_wconf 84' lang='lat' dir='ltr'>horum</span> 
     </span>
     <span class='ocr_line' id='line_1_20' title="bbox 444 1885 2217 1964; baseline 0.002 -20"><span class='ocrx_word' id='word_1_166' title='bbox 444 1885 906 1946; x_wconf 87' lang='lat' dir='ltr'>Instrumentorum</span> <span class='ocrx_word' id='word_1_167' title='bbox 954 1892 1187 1945; x_wconf 69' lang='lat' dir='ltr'>veritates</span> <span class='ocrx_word' id='word_1_168' title='bbox 1233 1890 1469 1962; x_wconf 75' lang='lat' dir='ltr'>physicae</span> <span class='ocrx_word' id='word_1_169' title='bbox 1513 1892 1795 1964; x_wconf 86' lang='lat' dir='ltr'>cognitioni</span> <span class='ocrx_word' id='word_1_170' title='bbox 1841 1894 1972 1947; x_wconf 75' lang='lat' dir='ltr'>ae‘ris</span> <span class='ocrx_word' id='word_1_171' title='bbox 2021 1893 2217 1964; x_wconf 77' lang='lat' dir='ltr'>peruti-</span> 
     </span>
     <span class='ocr_line' id='line_1_21' title="bbox 443 1970 2211 2049; baseline 0.003 -23"><span class='ocrx_word' id='word_1_172' title='bbox 443 1970 517 2026; x_wconf 87' lang='lat' dir='ltr'>les</span> <span class='ocrx_word' id='word_1_173' title='bbox 542 2017 557 2043; x_wconf 84' lang='lat'>,</span> <span class='ocrx_word' id='word_1_174' title='bbox 600 1991 764 2048; x_wconf 84' lang='lat' dir='ltr'>neque</span> <span class='ocrx_word' id='word_1_175' title='bbox 807 1993 888 2031; x_wconf 84' lang='lat' dir='ltr'>eas</span> <span class='ocrx_word' id='word_1_176' title='bbox 932 1977 1077 2049; x_wconf 82' lang='lat' dir='ltr'>parui</span> <span class='ocrx_word' id='word_1_177' title='bbox 1120 1980 1378 2032; x_wconf 86' lang='lat' dir='ltr'>momenti</span> <span class='ocrx_word' id='word_1_178' title='bbox 1422 1977 1717 2046; x_wconf 76' lang='lat' dir='ltr'>habendaS,</span> <span class='ocrx_word' id='word_1_179' title='bbox 1760 1975 1839 2030; x_wconf 91' lang='lat' dir='ltr'>sed</span> <span class='ocrx_word' id='word_1_180' title='bbox 1874 1992 1979 2029; x_wconf 48' lang='lat' dir='ltr'>‘nec</span> <span class='ocrx_word' id='word_1_181' title='bbox 2023 1975 2211 2031; x_wconf 80' lang='lat' dir='ltr'>adhuc-</span> 
     </span>
     <span class='ocr_line' id='line_1_22' title="bbox 442 2057 2215 2133; baseline 0.002 -21"><span class='ocrx_word' id='word_1_182' title='bbox 442 2057 572 2112; x_wconf 84' lang='lat' dir='ltr'>dum</span> <span class='ocrx_word' id='word_1_183' title='bbox 617 2061 684 2113; x_wconf 81' lang='lat' dir='ltr'>ita</span> <span class='ocrx_word' id='word_1_184' title='bbox 726 2075 1039 2132; x_wconf 75' lang='lat' dir='ltr'>comparatas</span> <span class='ocrx_word' id='word_1_185' title='bbox 1083 2061 1178 2116; x_wconf 79' lang='lat' dir='ltr'>effe</span> <span class='ocrx_word' id='word_1_186' title='bbox 1199 2106 1218 2133; x_wconf 76' lang='lat'>‚</span> <span class='ocrx_word' id='word_1_187' title='bbox 1261 2075 1319 2115; x_wconf 85' lang='lat' dir='ltr'>vt</span> <span class='ocrx_word' id='word_1_188' title='bbox 1365 2061 1622 2116; x_wconf 85' lang='lat' dir='ltr'>Theoriae</span> <span class='ocrx_word' id='word_1_189' title='bbox 1676 2059 1823 2113; x_wconf 85' lang='lat' dir='ltr'>alicui</span> <span class='ocrx_word' id='word_1_190' title='bbox 1892 2059 2215 2133; x_wconf 79' lang='lat' dir='ltr'>praespicien-</span> 
     </span>
     <span class='ocr_line' id='line_1_23' title="bbox 445 2141 2212 2220; baseline 0.002 -24"><span class='ocrx_word' id='word_1_191' title='bbox 445 2141 626 2197; x_wconf 82' lang='lat' dir='ltr'>darum</span> <span class='ocrx_word' id='word_1_192' title='bbox 670 2146 1030 2216; x_wconf 85' lang='lat' dir='ltr'>tempestatum</span> <span class='ocrx_word' id='word_1_193' title='bbox 1076 2159 1130 2199; x_wconf 91' lang='lat' dir='ltr'>et</span> <span class='ocrx_word' id='word_1_194' title='bbox 1174 2147 1519 2202; x_wconf 82' lang='lat' dir='ltr'>mutationum</span> <span class='ocrx_word' id='word_1_195' title='bbox 1547 2148 1675 2201; x_wconf 80' lang='lat' dir='ltr'>ae‘ris</span> <span class='ocrx_word' id='word_1_196' title='bbox 1705 2146 1848 2199; x_wconf 77' lang='lat' dir='ltr'>Vtiles</span> <span class='ocrx_word' id='word_1_197' title='bbox 1870 2145 1964 2199; x_wconf 84' lang='lat' dir='ltr'>effe</span> <span class='ocrx_word' id='word_1_198' title='bbox 1992 2143 2212 2220; x_wconf 79' lang='lat' dir='ltr'>posfint·²</span> 
     </span>
     <span class='ocr_line' id='line_1_24' title="bbox 444 2219 2215 2301; baseline 0.001 -17"><span class='ocrx_word' id='word_1_199' title='bbox 444 2225 512 2284; x_wconf 86' lang='lat' dir='ltr'>fic</span> <span class='ocrx_word' id='word_1_200' title='bbox 556 2241 615 2282; x_wconf 89' lang='lat' dir='ltr'>vt</span> <span class='ocrx_word' id='word_1_201' title='bbox 659 2230 826 2283; x_wconf 89' lang='lat' dir='ltr'>omnis</span> <span class='ocrx_word' id='word_1_202' title='bbox 868 2219 1054 2284; x_wconf 84' lang='lat' dir='ltr'>vtilitas</span> <span class='ocrx_word' id='word_1_203' title='bbox 1097 2231 1147 2286; x_wconf 90' lang='lat' dir='ltr'>in</span> <span class='ocrx_word' id='word_1_204' title='bbox 1189 2231 1260 2286; x_wconf 84' lang='lat' dir='ltr'>iis</span> <span class='ocrx_word' id='word_1_205' title='bbox 1288 2232 1387 2285; x_wconf 83' lang='lat' dir='ltr'>iam</span> <span class='ocrx_word' id='word_1_206' title='bbox 1434 2231 1536 2286; x_wconf 90' lang='lat' dir='ltr'>fere</span> <span class='ocrx_word' id='word_1_207' title='bbox 1581 2232 1637 2286; x_wconf 90' lang='lat' dir='ltr'>fit</span> <span class='ocrx_word' id='word_1_208' title='bbox 1685 2229 1920 2285; x_wconf 82' lang='lat' dir='ltr'>exhausta</span> <span class='ocrx_word' id='word_1_209' title='bbox 1946 2272 1962 2301; x_wconf 84' lang='lat'>‚</span> <span class='ocrx_word' id='word_1_210' title='bbox 2018 2232 2215 2286; x_wconf 81' lang='lat' dir='ltr'>omnis·</span> 
     </span>
     <span class='ocr_line' id='line_1_25' title="bbox 442 2314 2214 2390; baseline 0.004 -25"><span class='ocrx_word' id='word_1_211' title='bbox 442 2326 542 2386; x_wconf 85' lang='lat' dir='ltr'>que</span> <span class='ocrx_word' id='word_1_212' title='bbox 585 2328 654 2366; x_wconf 85' lang='lat' dir='ltr'>ex</span> <span class='ocrx_word' id='word_1_213' title='bbox 697 2314 758 2369; x_wconf 88' lang='lat' dir='ltr'>iis</span> <span class='ocrx_word' id='word_1_214' title='bbox 784 2356 799 2384; x_wconf 83' lang='lat'>‚</span> <span class='ocrx_word' id='word_1_215' title='bbox 838 2321 993 2386; x_wconf 79' lang='lat' dir='ltr'>quem</span> <span class='ocrx_word' id='word_1_216' title='bbox 1040 2315 1274 2384; x_wconf 87' lang='lat' dir='ltr'>praebere</span> <span class='ocrx_word' id='word_1_217' title='bbox 1317 2316 1520 2390; x_wconf 78' lang='lat' dir='ltr'>possunt</span> <span class='ocrx_word' id='word_1_218' title='bbox 1545 2358 1559 2384; x_wconf 86' lang='lat'>‚</span> <span class='ocrx_word' id='word_1_219' title='bbox 1603 2315 1767 2370; x_wconf 89' lang='lat' dir='ltr'>succus</span> <span class='ocrx_word' id='word_1_220' title='bbox 1809 2317 1914 2370; x_wconf 85' lang='lat' dir='ltr'>iam</span> <span class='ocrx_word' id='word_1_221' title='bbox 1983 2315 2214 2372; x_wconf 82' lang='lat' dir='ltr'>videatur</span> 
     </span>
     <span class='ocr_line' id='line_1_26' title="bbox 445 2397 2215 2472; baseline 0.003 -21"><span class='ocrx_word' id='word_1_222' title='bbox 445 2398 694 2468; x_wconf 73' lang='lat' dir='ltr'>expressus</span> <span class='ocrx_word' id='word_1_223' title='bbox 721 2441 736 2471; x_wconf 81' lang='lat'>‚</span> <span class='ocrx_word' id='word_1_224' title='bbox 781 2410 934 2470; x_wconf 83' lang='lat' dir='ltr'>vtque</span> <span class='ocrx_word' id='word_1_225' title='bbox 976 2397 1100 2455; x_wconf 88' lang='lat' dir='ltr'>hinc</span> <span class='ocrx_word' id='word_1_226' title='bbox 1147 2412 1384 2471; x_wconf 81' lang='lat' dir='ltr'>vtraeque</span> <span class='ocrx_word' id='word_1_227' title='bbox 1427 2402 1792 2456; x_wconf 84' lang='lat' dir='ltr'>obseruationes</span> <span class='ocrx_word' id='word_1_228' title='bbox 1816 2445 1831 2472; x_wconf 83' lang='lat'>‚</span> <span class='ocrx_word' id='word_1_229' title='bbox 1875 2413 1928 2455; x_wconf 91' lang='lat' dir='ltr'>et</span> <span class='ocrx_word' id='word_1_230' title='bbox 1959 2398 2215 2457; x_wconf 84' lang='lat' dir='ltr'>Barome-</span> 
     </span>
     <span class='ocr_line' id='line_1_27' title="bbox 442 2483 2210 2561; baseline 0.001 -25"><span class='ocrx_word' id='word_1_231' title='bbox 442 2483 598 2538; x_wconf 82' lang='lat' dir='ltr'>tricae</span> <span class='ocrx_word' id='word_1_232' title='bbox 638 2497 690 2538; x_wconf 90' lang='lat' dir='ltr'>et</span> <span class='ocrx_word' id='word_1_233' title='bbox 735 2483 1213 2543; x_wconf 85' lang='lat' dir='ltr'>Thermometricae</span> <span class='ocrx_word' id='word_1_234' title='bbox 1237 2529 1253 2558; x_wconf 82' lang='lat'>‚</span> <span class='ocrx_word' id='word_1_235' title='bbox 1296 2486 1537 2561; x_wconf 76' lang='lat' dir='ltr'>incipiant</span> <span class='ocrx_word' id='word_1_236' title='bbox 1580 2485 1732 2543; x_wconf 88' lang='lat' dir='ltr'>hodie</span> <span class='ocrx_word' id='word_1_237' title='bbox 1795 2487 1929 2543; x_wconf 88' lang='lat' dir='ltr'>inter</span> <span class='ocrx_word' id='word_1_238' title='bbox 1993 2488 2210 2544; x_wconf 84' lang='lat' dir='ltr'>eruditos</span> 
     </span>
     <span class='ocr_line' id='line_1_28' title="bbox 440 2569 1047 2642; baseline 0.005 -18"><span class='ocrx_word' id='word_1_239' title='bbox 440 2569 756 2642; x_wconf 79' lang='lat' dir='ltr'>aliquantum</span> <span class='ocrx_word' id='word_1_240' title='bbox 801 2570 1047 2629; x_wconf 66' lang='lat' dir='ltr'>vilescere„</span> 
     </span>
    </p>

    <p class='ocr_par' dir='ltr' id='par_1_3' title="bbox 442 2651 2208 2966">
     <span class='ocr_line' id='line_1_29' title="bbox 598 2651 2208 2733; baseline -0.002 -23"><span class='ocrx_word' id='word_1_241' title='bbox 598 2656 647 2725; x_wconf 82' lang='lat'>§.</span> <span class='ocrx_word' id='word_1_242' title='bbox 677 2659 733 2708; x_wconf 90' lang='grc'>6.</span> <span class='ocrx_word' id='word_1_243' title='bbox 780 2657 972 2733; x_wconf 78' lang='lat' dir='ltr'>Quodsi</span> <span class='ocrx_word' id='word_1_244' title='bbox 1015 2657 1066 2711; x_wconf 91' lang='lat' dir='ltr'>in</span> <span class='ocrx_word' id='word_1_245' title='bbox 1106 2655 1266 2713; x_wconf 69' lang='lat' dir='ltr'>caustis</span> <span class='ocrx_word' id='word_1_246' title='bbox 1319 2657 1660 2731; x_wconf 83' lang='lat' dir='ltr'>inquiramus,</span> <span class='ocrx_word' id='word_1_247' title='bbox 1724 2673 1875 2730; x_wconf 80' lang='lat' dir='ltr'>quare</span> <span class='ocrx_word' id='word_1_248' title='bbox 1915 2651 2102 2709; x_wconf 68' lang='lat' dir='ltr'>facturn</span> <span class='ocrx_word' id='word_1_249' title='bbox 2147 2651 2208 2707; x_wconf 84' lang='lat' dir='ltr'>fit</span> 
     </span>
     <span class='ocr_line' id='line_1_30' title="bbox 442 2734 2208 2813; baseline -0.001 -19"><span class='ocrx_word' id='word_1_250' title='bbox 442 2734 717 2811; x_wconf 77' lang='lat' dir='ltr'>hucusque,</span> <span class='ocrx_word' id='word_1_251' title='bbox 761 2756 821 2796; x_wconf 87' lang='lat' dir='ltr'>vt</span> <span class='ocrx_word' id='word_1_252' title='bbox 846 2759 945 2813; x_wconf 91' lang='lat' dir='ltr'>ope</span> <span class='ocrx_word' id='word_1_253' title='bbox 986 2742 1177 2798; x_wconf 81' lang='lat' dir='ltr'>&#39;horum</span> <span class='ocrx_word' id='word_1_254' title='bbox 1202 2743 1653 2799; x_wconf 84' lang='lat' dir='ltr'>Instrumentorum</span> <span class='ocrx_word' id='word_1_255' title='bbox 1669 2784 1683 2810; x_wconf 84' lang='lat'>,</span> <span class='ocrx_word' id='word_1_256' title='bbox 1707 2740 1843 2794; x_wconf 92' lang='lat' dir='ltr'>nullo</span> <span class='ocrx_word' id='word_1_257' title='bbox 1866 2738 1967 2792; x_wconf 76' lang='lat' dir='ltr'>fere</span> <span class='ocrx_word' id='word_1_258' title='bbox 1992 2738 2208 2811; x_wconf 82' lang='lat' dir='ltr'>amplius</span> 
     </span>
     <span class='ocr_line' id='line_1_31' title="bbox 442 2819 2201 2966; baseline 0.001 -89"><span class='ocrx_word' id='word_1_259' title='bbox 442 2819 643 2880; x_wconf 67' lang='lat' dir='ltr'>defectu</span> <span class='ocrx_word' id='word_1_260' title='bbox 684 2825 1018 2886; x_wconf 81' lang='lat' dir='ltr'>laborantium</span> <span class='ocrx_word' id='word_1_261' title='bbox 1046 2869 1063 2899; x_wconf 81' lang='lat'><strong>,</strong></span> <span class='ocrx_word' id='word_1_262' title='bbox 1107 2829 1335 2893; x_wconf 84' lang='lat' dir='ltr'>nondum</span> <span class='ocrx_word' id='word_1_263' title='bbox 1377 2840 1553 2883; x_wconf 83' lang='lat' dir='ltr'>tamen</span> <span class='ocrx_word' id='word_1_264' title='bbox 1597 2824 1718 2883; x_wconf 83' lang='lat' dir='ltr'>illud</span> <span class='ocrx_word' id='word_1_265' title='bbox 1760 2821 1956 2883; x_wconf 75' lang='lat' dir='ltr'>assecuti</span> <span class='ocrx_word' id='word_1_266' title='bbox 2007 2823 2162 2883; x_wconf 88' lang='lat' dir='ltr'>fimus</span> <span class='ocrx_word' id='word_1_267' title='bbox 2161 2864 2201 2966; x_wconf 71' lang='lat' dir='ltr'>d,</span> 
     </span>
    </p>

    <p class='ocr_par' dir='ltr' id='par_1_4' title="bbox 2058 2925 2160 2987">
     <span class='ocr_line' id='line_1_32' title="bbox 2058 2925 2160 2987; baseline 0.01 -22"><span class='ocrx_word' id='word_1_268' title='bbox 2058 2925 2160 2987; x_wconf 84' lang='lat' dir='ltr'>quo</span> 
     </span>
    </p>
   </div>
  </div>
 </body>
</html>
