<?xml version="1.0" encoding="UTF-8"?>
<!DOCTYPE html PUBLIC "-//W3C//DTD XHTML 1.0 Transitional//EN"
    "http://www.w3.org/TR/xhtml1/DTD/xhtml1-transitional.dtd">
<html xmlns="http://www.w3.org/1999/xhtml" xml:lang="en" lang="en">
 <head>
  <title>
</title>
<meta http-equiv="Content-Type" content="text/html;charset=utf-8" />
  <meta name='ocr-system' content='tesseract 3.04.00' />
  <meta name='ocr-capabilities' content='ocr_page ocr_carea ocr_par ocr_line ocrx_word'/>
</head>
<body>
  <div class='ocr_page' id='page_1' title='image "./commentariiacade11impe_0321.png"; bbox 0 0 2378 3564; ppageno 0'>
   <div class='ocr_carea' id='block_1_1' title="bbox 614 160 1969 258">
    <p class='ocr_par' dir='ltr' id='par_1_1' title="bbox 614 160 1969 258">
     <span class='ocr_line' id='line_1_1' title="bbox 614 160 1969 258; baseline -0.004 -10"><span class='ocrx_word' id='word_1_1' title='bbox 614 187 717 248; x_wconf 82' lang='lat' dir='ltr'><strong>ET</strong></span> <span class='ocrx_word' id='word_1_2' title='bbox 756 160 924 247; x_wconf 62' lang='lat' dir='ltr'><strong>EIVS</strong></span> <span class='ocrx_word' id='word_1_3' title='bbox 967 161 1489 248; x_wconf 59' lang='lat' dir='ltr'><strong>amomum.</strong></span> <span class='ocrx_word' id='word_1_4' title='bbox 1843 180 1918 253; x_wconf 54' lang='grc' dir='ltr'><strong>’μ</strong></span> <span class='ocrx_word' id='word_1_5' title='bbox 1932 199 1969 258; x_wconf 69' lang='lat'><strong>3</strong></span> 
     </span>
    </p>
   </div>
   <div class='ocr_carea' id='block_1_2' title="bbox 201 329 2001 2811">
    <p class='ocr_par' dir='ltr' id='par_1_2' title="bbox 201 329 2001 2811">
     <span class='ocr_line' id='line_1_2' title="bbox 205 329 1978 418; baseline -0.003 -16"><span class='ocrx_word' id='word_1_6' title='bbox 205 342 364 418; x_wconf 82' lang='lat' dir='ltr'><strong>copiis</strong></span> <span class='ocrx_word' id='word_1_7' title='bbox 409 338 741 415; x_wconf 82' lang='lat' dir='ltr'><strong>Cispadanam</strong></span> <span class='ocrx_word' id='word_1_8' title='bbox 799 344 1113 416; x_wconf 85' lang='lat' dir='ltr'><strong>prouinciam</strong></span> <span class='ocrx_word' id='word_1_9' title='bbox 1170 343 1375 397; x_wconf 87' lang='lat' dir='ltr'><strong>intrauit</strong></span> <span class='ocrx_word' id='word_1_10' title='bbox 1401 385 1417 411; x_wconf 85' lang='lat'>‚</span> <span class='ocrx_word' id='word_1_11' title='bbox 1471 338 1523 396; x_wconf 90' lang='lat' dir='ltr'><strong>in</strong></span> <span class='ocrx_word' id='word_1_12' title='bbox 1578 352 1674 413; x_wconf 77' lang='lat' dir='ltr'><strong>qua</strong></span> <span class='ocrx_word' id='word_1_13' title='bbox 1729 329 1978 413; x_wconf 75' lang='lat' dir='ltr'>Spurinna</span> 
     </span>
     <span class='ocr_line' id='line_1_3' title="bbox 205 425 1978 498; baseline -0.005 -11"><span class='ocrx_word' id='word_1_14' title='bbox 205 449 326 487; x_wconf 84' lang='lat' dir='ltr'><strong>cum</strong></span> <span class='ocrx_word' id='word_1_15' title='bbox 371 431 590 484; x_wconf 81' lang='lat' dir='ltr'><strong>exercitu</strong></span> <span class='ocrx_word' id='word_1_16' title='bbox 636 442 755 484; x_wconf 88' lang='lat' dir='ltr'><strong>erat.</strong></span> <span class='ocrx_word' id='word_1_17' title='bbox 846 428 945 482; x_wconf 90' lang='lat' dir='ltr'><strong>Hic</strong></span> <span class='ocrx_word' id='word_1_18' title='bbox 988 445 1191 482; x_wconf 84' lang='lat' dir='ltr'><strong>cernens</strong></span> <span class='ocrx_word' id='word_1_19' title='bbox 1236 427 1481 482; x_wconf 76' lang='lat' dir='ltr'>Caecinae</span> <span class='ocrx_word' id='word_1_20' title='bbox 1521 427 1666 482; x_wconf 83' lang='lat' dir='ltr'><strong>resisti</strong></span> <span class='ocrx_word' id='word_1_21' title='bbox 1691 443 1796 482; x_wconf 90' lang='lat' dir='ltr'><strong>non</strong></span> <span class='ocrx_word' id='word_1_22' title='bbox 1820 425 1978 498; x_wconf 80' lang='lat' dir='ltr'><strong>posse,</strong></span> 
     </span>
     <span class='ocr_line' id='line_1_4' title="bbox 207 511 1977 588; baseline -0.003 -18"><span class='ocrx_word' id='word_1_23' title='bbox 207 515 254 570; x_wconf 72' lang='lat' dir='ltr'><strong>ie</strong></span> <span class='ocrx_word' id='word_1_24' title='bbox 300 516 500 588; x_wconf 65' lang='lat' dir='ltr'><strong>fixosque</strong></span> <span class='ocrx_word' id='word_1_25' title='bbox 544 517 669 568; x_wconf 83' lang='lat' dir='ltr'><strong>intra</strong></span> <span class='ocrx_word' id='word_1_26' title='bbox 715 513 990 568; x_wconf 82' lang='lat' dir='ltr'><strong>Placentiae</strong></span> <span class='ocrx_word' id='word_1_27' title='bbox 1036 516 1243 566; x_wconf 84' lang='lat' dir='ltr'><strong>moenia</strong></span> <span class='ocrx_word' id='word_1_28' title='bbox 1289 515 1498 584; x_wconf 87' lang='lat' dir='ltr'><strong>recepit.</strong></span> <span class='ocrx_word' id='word_1_29' title='bbox 1600 511 1680 566; x_wconf 92' lang='lat' dir='ltr'><strong>Ibi</strong></span> <span class='ocrx_word' id='word_1_30' title='bbox 1724 511 1977 567; x_wconf 86' lang='lat' dir='ltr'><strong>constituit</strong></span> 
     </span>
     <span class='ocr_line' id='line_1_5' title="bbox 207 596 1980 671; baseline -0.003 -15"><span class='ocrx_word' id='word_1_31' title='bbox 207 603 428 657; x_wconf 85' lang='lat' dir='ltr'><strong>hostium</strong></span> <span class='ocrx_word' id='word_1_32' title='bbox 475 603 588 654; x_wconf 82' lang='lat' dir='ltr'><strong>vim</strong></span> <span class='ocrx_word' id='word_1_33' title='bbox 632 599 873 671; x_wconf 81' lang='lat' dir='ltr'><strong>repellere</strong></span> <span class='ocrx_word' id='word_1_34' title='bbox 899 643 913 667; x_wconf 82' lang='lat'>,</span> <span class='ocrx_word' id='word_1_35' title='bbox 960 597 996 651; x_wconf 90' lang='lat' dir='ltr'>fi</span> <span class='ocrx_word' id='word_1_36' title='bbox 1042 610 1460 668; x_wconf 66' lang='lat' dir='ltr'>oppugnaretur:</span> <span class='ocrx_word' id='word_1_37' title='bbox 1505 597 1676 666; x_wconf 81' lang='lat' dir='ltr'><strong>egredi</strong></span> <span class='ocrx_word' id='word_1_38' title='bbox 1717 609 1768 651; x_wconf 89' lang='lat' dir='ltr'><strong>et</strong></span> <span class='ocrx_word' id='word_1_39' title='bbox 1807 596 1980 651; x_wconf 89' lang='lat' dir='ltr'><strong>conse-</strong></span> 
     </span>
     <span class='ocr_line' id='line_1_6' title="bbox 207 682 1976 742; baseline -0.003 0"><span class='ocrx_word' id='word_1_40' title='bbox 207 704 315 742; x_wconf 89' lang='lat' dir='ltr'><strong>rere</strong></span> <span class='ocrx_word' id='word_1_41' title='bbox 362 704 572 741; x_wconf 86' lang='lat' dir='ltr'><strong>manum</strong></span> <span class='ocrx_word' id='word_1_42' title='bbox 631 703 748 739; x_wconf 89' lang='lat' dir='ltr'><strong>cum</strong></span> <span class='ocrx_word' id='word_1_43' title='bbox 793 683 932 737; x_wconf 88' lang='lat' dir='ltr'><strong>hoste</strong></span> <span class='ocrx_word' id='word_1_44' title='bbox 988 699 1093 737; x_wconf 87' lang='lat' dir='ltr'><strong>non</strong></span> <span class='ocrx_word' id='word_1_45' title='bbox 1149 699 1179 736; x_wconf 91' lang='lat' dir='ltr'><strong>e</strong></span> <span class='ocrx_word' id='word_1_46' title='bbox 1232 698 1282 735; x_wconf 89' lang='lat' dir='ltr'><strong>re</strong></span> <span class='ocrx_word' id='word_1_47' title='bbox 1337 682 1405 735; x_wconf 91' lang='lat' dir='ltr'><strong>est</strong></span> <span class='ocrx_word' id='word_1_48' title='bbox 1446 682 1630 735; x_wconf 87' lang='lat' dir='ltr'><strong>visum.</strong></span> <span class='ocrx_word' id='word_1_49' title='bbox 1723 682 1880 738; x_wconf 85' lang='lat' dir='ltr'><strong>Miles</strong></span> <span class='ocrx_word' id='word_1_50' title='bbox 1920 684 1976 738; x_wconf 85' lang='lat' dir='ltr'><strong>in</strong></span> 
     </span>
     <span class='ocr_line' id='line_1_7' title="bbox 208 765 1982 842; baseline -0.004 -13"><span class='ocrx_word' id='word_1_51' title='bbox 208 772 392 829; x_wconf 84' lang='lat' dir='ltr'><strong>diuersa</strong></span> <span class='ocrx_word' id='word_1_52' title='bbox 440 773 665 825; x_wconf 80' lang='lat' dir='ltr'><strong>tendebat</strong></span> <span class='ocrx_word' id='word_1_53' title='bbox 692 816 706 842; x_wconf 86' lang='lat'>‚</span> <span class='ocrx_word' id='word_1_54' title='bbox 748 786 866 824; x_wconf 86' lang='lat' dir='ltr'><strong>eam</strong></span> <span class='ocrx_word' id='word_1_55' title='bbox 912 785 1016 822; x_wconf 88' lang='lat' dir='ltr'><strong>non</strong></span> <span class='ocrx_word' id='word_1_56' title='bbox 1065 768 1434 841; x_wconf 86' lang='lat' dir='ltr'><strong>prouidentiam</strong></span> <span class='ocrx_word' id='word_1_57' title='bbox 1481 767 1619 823; x_wconf 79' lang='lat' dir='ltr'><strong>ducis</strong></span> <span class='ocrx_word' id='word_1_58' title='bbox 1658 780 1790 822; x_wconf 79' lang='lat' dir='ltr'><strong>ratus</strong></span> <span class='ocrx_word' id='word_1_59' title='bbox 1815 812 1829 838; x_wconf 84' lang='lat'>,</span> <span class='ocrx_word' id='word_1_60' title='bbox 1853 765 1982 822; x_wconf 89' lang='lat' dir='ltr'><strong>nihil</strong></span> 
     </span>
     <span class='ocr_line' id='line_1_8' title="bbox 208 853 1985 927; baseline -0.003 -14"><span class='ocrx_word' id='word_1_61' title='bbox 208 871 403 913; x_wconf 86' lang='lat' dir='ltr'><strong>temere</strong></span> <span class='ocrx_word' id='word_1_62' title='bbox 450 857 743 927; x_wconf 84' lang='lat' dir='ltr'><strong>statuentis,</strong></span> <span class='ocrx_word' id='word_1_63' title='bbox 811 855 891 910; x_wconf 91' lang='lat' dir='ltr'><strong>sed</strong></span> <span class='ocrx_word' id='word_1_64' title='bbox 935 853 1218 926; x_wconf 81' lang='lat' dir='ltr'><strong>segnitiem.</strong></span> <span class='ocrx_word' id='word_1_65' title='bbox 1330 853 1584 907; x_wconf 89' lang='lat' dir='ltr'><strong>Tumultu</strong></span> <span class='ocrx_word' id='word_1_66' title='bbox 1641 853 1846 909; x_wconf 85' lang='lat' dir='ltr'><strong>militari</strong></span> <span class='ocrx_word' id='word_1_67' title='bbox 1891 869 1985 908; x_wconf 84' lang='lat' dir='ltr'><strong>co-</strong></span> 
     </span>
     <span class='ocr_line' id='line_1_9' title="bbox 209 938 1984 1012; baseline -0.003 -14"><span class='ocrx_word' id='word_1_68' title='bbox 209 946 349 1011; x_wconf 67' lang='lat' dir='ltr'><strong>aetus</strong></span> <span class='ocrx_word' id='word_1_69' title='bbox 374 943 630 997; x_wconf 71' lang='lat' dir='ltr'><strong>Vestritius</strong></span> <span class='ocrx_word' id='word_1_70' title='bbox 654 945 866 1012; x_wconf 83' lang='lat' dir='ltr'><strong>ducere,</strong></span> <span class='ocrx_word' id='word_1_71' title='bbox 911 942 992 994; x_wconf 84' lang='lat' dir='ltr'><strong>sub</strong></span> <span class='ocrx_word' id='word_1_72' title='bbox 1018 941 1230 995; x_wconf 58' lang='lat' dir='ltr'><strong>nostem</strong></span> <span class='ocrx_word' id='word_1_73' title='bbox 1268 939 1427 994; x_wconf 75' lang='lat' dir='ltr'><strong>&#39;castra</strong></span> <span class='ocrx_word' id='word_1_74' title='bbox 1473 938 1634 1011; x_wconf 80' lang='lat' dir='ltr'><strong>posuit</strong></span> <span class='ocrx_word' id='word_1_75' title='bbox 1677 941 1740 994; x_wconf 84' lang='lat' dir='ltr'><strong>ad</strong></span> <span class='ocrx_word' id='word_1_76' title='bbox 1767 939 1984 1010; x_wconf 86' lang='lat' dir='ltr'><strong>Padum,</strong></span> 
     </span>
     <span class='ocr_line' id='line_1_10' title="bbox 209 1025 1986 1102; baseline -0.004 -18"><span class='ocrx_word' id='word_1_77' title='bbox 209 1047 373 1102; x_wconf 80' lang='lat' dir='ltr'><strong>eoque</strong></span> <span class='ocrx_word' id='word_1_78' title='bbox 418 1027 654 1100; x_wconf 83' lang='lat' dir='ltr'><strong>obsequio</strong></span> <span class='ocrx_word' id='word_1_79' title='bbox 698 1030 962 1099; x_wconf 77' lang='lat' dir='ltr'><strong>mitigatos</strong></span> <span class='ocrx_word' id='word_1_80' title='bbox 1005 1027 1206 1081; x_wconf 87' lang='lat' dir='ltr'><strong>suorum</strong></span> <span class='ocrx_word' id='word_1_81' title='bbox 1242 1027 1441 1081; x_wconf 82' lang='lat' dir='ltr'><strong>animos</strong></span> <span class='ocrx_word' id='word_1_82' title='bbox 1486 1025 1721 1080; x_wconf 87' lang='lat' dir='ltr'><strong>docendo</strong></span> <span class='ocrx_word' id='word_1_83' title='bbox 1765 1040 1986 1079; x_wconf 76' lang='lat' dir='ltr'><strong>monen-</strong></span> 
     </span>
     <span class='ocr_line' id='line_1_11' title="bbox 211 1106 1985 1185; baseline -0.003 -17"><span class='ocrx_word' id='word_1_84' title='bbox 211 1116 378 1185; x_wconf 78' lang='lat' dir='ltr'><strong>doque</strong></span> <span class='ocrx_word' id='word_1_85' title='bbox 423 1115 634 1168; x_wconf 62' lang='lat' dir='ltr'><strong>tractare</strong></span> <span class='ocrx_word' id='word_1_86' title='bbox 687 1116 900 1184; x_wconf 79' lang='lat' dir='ltr'><strong>coepit,</strong></span> <span class='ocrx_word' id='word_1_87' title='bbox 964 1114 1128 1165; x_wconf 89' lang='lat' dir='ltr'><strong>donec</strong></span> <span class='ocrx_word' id='word_1_88' title='bbox 1183 1114 1235 1164; x_wconf 92' lang='lat' dir='ltr'><strong>in</strong></span> <span class='ocrx_word' id='word_1_89' title='bbox 1282 1110 1528 1179; x_wconf 86' lang='lat' dir='ltr'><strong>potestate</strong></span> <span class='ocrx_word' id='word_1_90' title='bbox 1572 1109 1749 1163; x_wconf 85' lang='lat' dir='ltr'><strong>habuit</strong></span> <span class='ocrx_word' id='word_1_91' title='bbox 1774 1153 1789 1179; x_wconf 82' lang='lat'>‚</span> <span class='ocrx_word' id='word_1_92' title='bbox 1835 1123 1895 1164; x_wconf 85' lang='lat' dir='ltr'><strong>vt</strong></span> <span class='ocrx_word' id='word_1_93' title='bbox 1936 1106 1985 1163; x_wconf 78' lang='lat' dir='ltr'><strong>se</strong></span> 
     </span>
     <span class='ocr_line' id='line_1_12' title="bbox 210 1191 1987 1266; baseline -0.003 -14"><span class='ocrx_word' id='word_1_94' title='bbox 210 1200 263 1252; x_wconf 90' lang='lat' dir='ltr'><strong>in</strong></span> <span class='ocrx_word' id='word_1_95' title='bbox 311 1200 496 1253; x_wconf 80' lang='lat' dir='ltr'><strong>vrbem</strong></span> <span class='ocrx_word' id='word_1_96' title='bbox 543 1197 707 1251; x_wconf 85' lang='lat' dir='ltr'><strong>reduci</strong></span> <span class='ocrx_word' id='word_1_97' title='bbox 753 1207 1052 1266; x_wconf 86' lang='lat' dir='ltr'><strong>paterentur.</strong></span> <span class='ocrx_word' id='word_1_98' title='bbox 1145 1193 1221 1248; x_wconf 80' lang='lat' dir='ltr'><strong>At</strong></span> <span class='ocrx_word' id='word_1_99' title='bbox 1267 1191 1483 1247; x_wconf 84' lang='lat' dir='ltr'><strong>Caecina</strong></span> <span class='ocrx_word' id='word_1_100' title='bbox 1527 1194 1614 1246; x_wconf 85' lang='lat' dir='ltr'><strong>vbi</strong></span> <span class='ocrx_word' id='word_1_101' title='bbox 1668 1193 1810 1246; x_wconf 88' lang='lat' dir='ltr'><strong>senfit</strong></span> <span class='ocrx_word' id='word_1_102' title='bbox 1854 1191 1987 1265; x_wconf 88' lang='lat' dir='ltr'><strong>Spu-</strong></span> 
     </span>
     <span class='ocr_line' id='line_1_13' title="bbox 210 1275 1991 1349; baseline -0.003 -11"><span class='ocrx_word' id='word_1_103' title='bbox 210 1285 407 1339; x_wconf 81' lang='lat' dir='ltr'><strong>rinnam</strong></span> <span class='ocrx_word' id='word_1_104' title='bbox 454 1300 563 1337; x_wconf 88' lang='lat' dir='ltr'><strong>rem</strong></span> <span class='ocrx_word' id='word_1_105' title='bbox 611 1280 881 1334; x_wconf 77' lang='lat' dir='ltr'><strong>certamini</strong></span> <span class='ocrx_word' id='word_1_106' title='bbox 927 1295 1030 1333; x_wconf 91' lang='lat' dir='ltr'><strong>non</strong></span> <span class='ocrx_word' id='word_1_107' title='bbox 1076 1279 1407 1334; x_wconf 85' lang='lat' dir='ltr'><strong>committere</strong></span> <span class='ocrx_word' id='word_1_108' title='bbox 1435 1323 1449 1349; x_wconf 85' lang='lat'>,</span> <span class='ocrx_word' id='word_1_109' title='bbox 1505 1275 1812 1331; x_wconf 78' lang='lat' dir='ltr'><strong>Placentiam</strong></span> <span class='ocrx_word' id='word_1_110' title='bbox 1857 1276 1991 1332; x_wconf 86' lang='lat' dir='ltr'><strong>obfi-</strong></span> 
     </span>
     <span class='ocr_line' id='line_1_14' title="bbox 208 1362 1989 1438; baseline -0.003 -14"><span class='ocrx_word' id='word_1_111' title='bbox 208 1370 308 1424; x_wconf 87' lang='lat' dir='ltr'><strong>det-.</strong></span> <span class='ocrx_word' id='word_1_112' title='bbox 400 1368 632 1421; x_wconf 91' lang='lat' dir='ltr'><strong>Primum</strong></span> <span class='ocrx_word' id='word_1_113' title='bbox 680 1378 831 1438; x_wconf 85' lang='lat' dir='ltr'><strong>atque</strong></span> <span class='ocrx_word' id='word_1_114' title='bbox 874 1365 1060 1419; x_wconf 88' lang='lat' dir='ltr'><strong>iterum</strong></span> <span class='ocrx_word' id='word_1_115' title='bbox 1115 1382 1143 1418; x_wconf 88' lang='lat' dir='ltr'><strong>a</strong></span> <span class='ocrx_word' id='word_1_116' title='bbox 1191 1364 1528 1420; x_wconf 77' lang='lat' dir='ltr'><strong>munimentis</strong></span> <span class='ocrx_word' id='word_1_117' title='bbox 1574 1363 1823 1435; x_wconf 75' lang='lat' dir='ltr'><strong>repulsuS,</strong></span> <span class='ocrx_word' id='word_1_118' title='bbox 1852 1362 1989 1418; x_wconf 88' lang='lat' dir='ltr'><strong>mul-</strong></span> 
     </span>
     <span class='ocr_line' id='line_1_15' title="bbox 208 1444 1990 1520; baseline -0.004 -11"><span class='ocrx_word' id='word_1_119' title='bbox 208 1456 270 1508; x_wconf 82' lang='lat' dir='ltr'><strong>tis</strong></span> <span class='ocrx_word' id='word_1_120' title='bbox 312 1453 513 1509; x_wconf 81' lang='lat' dir='ltr'><strong>fiiorum</strong></span> <span class='ocrx_word' id='word_1_121' title='bbox 559 1452 840 1506; x_wconf 80' lang='lat' dir='ltr'><strong>desideratis</strong></span> <span class='ocrx_word' id='word_1_122' title='bbox 869 1493 885 1518; x_wconf 80' lang='lat'>,</span> <span class='ocrx_word' id='word_1_123' title='bbox 932 1450 1248 1503; x_wconf 83' lang='lat' dir='ltr'><strong>obsidionem</strong></span> <span class='ocrx_word' id='word_1_124' title='bbox 1294 1449 1478 1515; x_wconf 84' lang='lat' dir='ltr'><strong>soluit,</strong></span> <span class='ocrx_word' id='word_1_125' title='bbox 1538 1444 1853 1502; x_wconf 78' lang='lat' dir='ltr'><strong>Cremonam</strong></span> <span class='ocrx_word' id='word_1_126' title='bbox 1897 1464 1990 1520; x_wconf 90' lang='lat' dir='ltr'><strong>pe-</strong></span> 
     </span>
     <span class='ocr_line' id='line_1_16' title="bbox 209 1528 1995 1610; baseline -0.002 -18"><span class='ocrx_word' id='word_1_127' title='bbox 209 1541 294 1592; x_wconf 89' lang='lat' dir='ltr'><strong>tit.</strong></span> <span class='ocrx_word' id='word_1_128' title='bbox 382 1540 503 1610; x_wconf 78' lang='lat' dir='ltr'><strong>Quo</strong></span> <span class='ocrx_word' id='word_1_129' title='bbox 559 1536 769 1605; x_wconf 84' lang='lat' dir='ltr'><strong>cognito</strong></span> <span class='ocrx_word' id='word_1_130' title='bbox 824 1533 1077 1605; x_wconf 81' lang='lat' dir='ltr'><strong>Spurinna</strong></span> <span class='ocrx_word' id='word_1_131' title='bbox 1131 1535 1363 1590; x_wconf 82' lang='lat' dir='ltr'><strong>Annium</strong></span> <span class='ocrx_word' id='word_1_132' title='bbox 1411 1528 1619 1587; x_wconf 89' lang='lat' dir='ltr'><strong>Gallum</strong></span> <span class='ocrx_word' id='word_1_133' title='bbox 1674 1535 1740 1588; x_wconf 90' lang='lat' dir='ltr'><strong>de</strong></span> <span class='ocrx_word' id='word_1_134' title='bbox 1781 1534 1995 1589; x_wconf 84' lang='lat' dir='ltr'><strong>consiliis</strong></span> 
     </span>
     <span class='ocr_line' id='line_1_17' title="bbox 211 1619 1987 1693; baseline -0.002 -15"><span class='ocrx_word' id='word_1_135' title='bbox 211 1623 429 1678; x_wconf 86' lang='lat' dir='ltr'><strong>hostium</strong></span> <span class='ocrx_word' id='word_1_136' title='bbox 475 1620 740 1675; x_wconf 87' lang='lat' dir='ltr'><strong>certiorem</strong></span> <span class='ocrx_word' id='word_1_137' title='bbox 789 1619 946 1677; x_wconf 82' lang='lat' dir='ltr'><strong>fecit:</strong></span> <span class='ocrx_word' id='word_1_138' title='bbox 993 1622 1034 1674; x_wconf 84' lang='lat' dir='ltr'><strong>is</strong></span> <span class='ocrx_word' id='word_1_139' title='bbox 1077 1637 1195 1676; x_wconf 89' lang='lat' dir='ltr'><strong>cum</strong></span> <span class='ocrx_word' id='word_1_140' title='bbox 1244 1621 1412 1693; x_wconf 88' lang='lat' dir='ltr'><strong>prima</strong></span> <span class='ocrx_word' id='word_1_141' title='bbox 1448 1619 1649 1691; x_wconf 82' lang='lat' dir='ltr'><strong>legione</strong></span> <span class='ocrx_word' id='word_1_142' title='bbox 1673 1619 1987 1674; x_wconf 77' lang='lat' dir='ltr'><strong>Placentiam</strong></span> 
     </span>
     <span class='ocr_line' id='line_1_18' title="bbox 217 1703 1994 1779; baseline -0.001 -17"><span class='ocrx_word' id='word_1_143' title='bbox 217 1708 398 1774; x_wconf 79' lang='lat' dir='ltr'><strong>venit,</strong></span> <span class='ocrx_word' id='word_1_144' title='bbox 447 1705 717 1778; x_wconf 70' lang='lat' dir='ltr'><strong>lecutusque</strong></span> <span class='ocrx_word' id='word_1_145' title='bbox 760 1703 1038 1761; x_wconf 79' lang='lat' dir='ltr'><strong>Caecinam</strong></span> <span class='ocrx_word' id='word_1_146' title='bbox 1085 1724 1269 1779; x_wconf 87' lang='lat' dir='ltr'><strong>parum</strong></span> <span class='ocrx_word' id='word_1_147' title='bbox 1315 1704 1507 1775; x_wconf 81' lang='lat' dir='ltr'><strong>abfuit,</strong></span> <span class='ocrx_word' id='word_1_148' title='bbox 1533 1707 1651 1777; x_wconf 74' lang='lat' dir='ltr'><strong>quin</strong></span> <span class='ocrx_word' id='word_1_149' title='bbox 1676 1705 1994 1760; x_wconf 87' lang='lat' dir='ltr'><strong>seditionibus</strong></span> 
     </span>
     <span class='ocr_line' id='line_1_19' title="bbox 215 1791 1994 1865; baseline -0.001 -18"><span class='ocrx_word' id='word_1_150' title='bbox 215 1793 510 1848; x_wconf 75' lang='lat' dir='ltr'><strong>militaribus</strong></span> <span class='ocrx_word' id='word_1_151' title='bbox 552 1794 793 1864; x_wconf 85' lang='lat' dir='ltr'><strong>agitatum</strong></span> <span class='ocrx_word' id='word_1_152' title='bbox 839 1793 1178 1865; x_wconf 87' lang='lat' dir='ltr'><strong>opprimeret.</strong></span> <span class='ocrx_word' id='word_1_153' title='bbox 1269 1792 1381 1848; x_wconf 89' lang='lat' dir='ltr'><strong>Post</strong></span> <span class='ocrx_word' id='word_1_154' title='bbox 1417 1808 1521 1845; x_wconf 86' lang='lat' dir='ltr'><strong>non</strong></span> <span class='ocrx_word' id='word_1_155' title='bbox 1557 1796 1624 1846; x_wconf 89' lang='lat' dir='ltr'><strong>ita</strong></span> <span class='ocrx_word' id='word_1_156' title='bbox 1653 1792 1820 1846; x_wconf 87' lang='lat' dir='ltr'><strong>multo</strong></span> <span class='ocrx_word' id='word_1_157' title='bbox 1843 1791 1994 1846; x_wconf 91' lang='lat' dir='ltr'><strong>Otho</strong></span> 
     </span>
     <span class='ocr_line' id='line_1_20' title="bbox 212 1878 1994 1950; baseline -0.002 -16"><span class='ocrx_word' id='word_1_158' title='bbox 212 1878 355 1950; x_wconf 87' lang='lat' dir='ltr'><strong>Imp.</strong></span> <span class='ocrx_word' id='word_1_159' title='bbox 385 1880 704 1950; x_wconf 83' lang='lat' dir='ltr'><strong>superuenit:</strong></span> <span class='ocrx_word' id='word_1_160' title='bbox 747 1893 953 1933; x_wconf 83' lang='lat' dir='ltr'><strong>vocatus</strong></span> <span class='ocrx_word' id='word_1_161' title='bbox 995 1881 1046 1933; x_wconf 92' lang='lat' dir='ltr'><strong>in</strong></span> <span class='ocrx_word' id='word_1_162' title='bbox 1088 1881 1239 1935; x_wconf 84' lang='lat' dir='ltr'><strong>castra</strong></span> <span class='ocrx_word' id='word_1_163' title='bbox 1289 1878 1545 1933; x_wconf 81' lang='lat' dir='ltr'><strong>Vesttitius</strong></span> <span class='ocrx_word' id='word_1_164' title='bbox 1588 1895 1706 1932; x_wconf 90' lang='lat' dir='ltr'><strong>cum</strong></span> <span class='ocrx_word' id='word_1_165' title='bbox 1749 1878 1994 1950; x_wconf 82' lang='lat' dir='ltr'><strong>praesidio</strong></span> 
     </span>
     <span class='ocr_line' id='line_1_21' title="bbox 213 1963 1995 2036; baseline 0.002 -21"><span class='ocrx_word' id='word_1_166' title='bbox 213 1966 348 2034; x_wconf 90' lang='lat' dir='ltr'><strong>quod</strong></span> <span class='ocrx_word' id='word_1_167' title='bbox 396 1964 676 2016; x_wconf 79' lang='lat' dir='ltr'><strong>Placentiae</strong></span> <span class='ocrx_word' id='word_1_168' title='bbox 719 1964 980 2019; x_wconf 85' lang='lat' dir='ltr'><strong>habebat:</strong></span> <span class='ocrx_word' id='word_1_169' title='bbox 1039 1978 1144 2020; x_wconf 89' lang='lat' dir='ltr'><strong>erat</strong></span> <span class='ocrx_word' id='word_1_170' title='bbox 1197 1966 1334 2020; x_wconf 92' lang='lat' dir='ltr'><strong>enim</strong></span> <span class='ocrx_word' id='word_1_171' title='bbox 1391 1964 1717 2018; x_wconf 82' lang='lat' dir='ltr'><strong>constitutum</strong></span> <span class='ocrx_word' id='word_1_172' title='bbox 1761 1963 1995 2036; x_wconf 85' lang='lat' dir='ltr'><strong>Impera-</strong></span> 
     </span>
     <span class='ocr_line' id='line_1_22' title="bbox 214 2039 1997 2121; baseline 0.001 -20"><span class='ocrx_word' id='word_1_173' title='bbox 214 2048 353 2117; x_wconf 82' lang='lat' dir='ltr'><strong>tori,</strong></span> <span class='ocrx_word' id='word_1_174' title='bbox 398 2048 599 2102; x_wconf 82' lang='lat' dir='ltr'><strong>ducibus</strong></span> <span class='ocrx_word' id='word_1_175' title='bbox 641 2050 975 2120; x_wconf 82' lang='lat' dir='ltr'><strong>nequidquam</strong></span> <span class='ocrx_word' id='word_1_176' title='bbox 1017 2051 1378 2106; x_wconf 73' lang='lat' dir='ltr'><strong>aduerfiintibus</strong></span> <span class='ocrx_word' id='word_1_177' title='bbox 1417 2052 1480 2103; x_wconf 90' lang='lat' dir='ltr'><strong>de</strong></span> <span class='ocrx_word' id='word_1_178' title='bbox 1529 2049 1724 2112; x_wconf 88' lang='lat' dir='ltr'><strong>summa</strong></span> <span class='ocrx_word' id='word_1_179' title='bbox 1750 2052 1821 2103; x_wconf 90' lang='lat' dir='ltr'><strong>rei</strong></span> <span class='ocrx_word' id='word_1_180' title='bbox 1849 2039 1997 2121; x_wconf 84' lang='lat' dir='ltr'><strong>prae-</strong></span> 
     </span>
     <span class='ocr_line' id='line_1_23' title="bbox 214 2133 1999 2209; baseline 0.002 -21"><span class='ocrx_word' id='word_1_181' title='bbox 214 2133 285 2188; x_wconf 92' lang='lat' dir='ltr'><strong>lio</strong></span> <span class='ocrx_word' id='word_1_182' title='bbox 310 2137 596 2187; x_wconf 83' lang='lat' dir='ltr'><strong>decernere.</strong></span> <span class='ocrx_word' id='word_1_183' title='bbox 687 2134 971 2207; x_wconf 84' lang='lat' dir='ltr'><strong>Pugnatum</strong></span> <span class='ocrx_word' id='word_1_184' title='bbox 1018 2136 1151 2191; x_wconf 86' lang='lat' dir='ltr'><strong>haud</strong></span> <span class='ocrx_word' id='word_1_185' title='bbox 1196 2139 1374 2209; x_wconf 82' lang='lat' dir='ltr'><strong>procul</strong></span> <span class='ocrx_word' id='word_1_186' title='bbox 1398 2133 1644 2189; x_wconf 84' lang='lat' dir='ltr'><strong>Bedriaco</strong></span> <span class='ocrx_word' id='word_1_187' title='bbox 1673 2136 1999 2192; x_wconf 85' lang='lat' dir='ltr'><strong>:Othoniani</strong></span> 
     </span>
     <span class='ocr_line' id='line_1_24' title="bbox 201 2218 1998 2294; baseline 0.002 -23"><span class='ocrx_word' id='word_1_188' title='bbox 201 2218 362 2272; x_wconf 53' lang='lat' dir='ltr'><strong>vieti,</strong></span> <span class='ocrx_word' id='word_1_189' title='bbox 454 2220 659 2274; x_wconf 88' lang='lat' dir='ltr'><strong>Tamen</strong></span> <span class='ocrx_word' id='word_1_190' title='bbox 716 2220 941 2276; x_wconf 87' lang='lat' dir='ltr'><strong>militum</strong></span> <span class='ocrx_word' id='word_1_191' title='bbox 1001 2221 1124 2277; x_wconf 84' lang='lat' dir='ltr'><strong>fides</strong></span> <span class='ocrx_word' id='word_1_192' title='bbox 1179 2223 1377 2278; x_wconf 59' lang='lat' dir='ltr'><strong>vietum</strong></span> <span class='ocrx_word' id='word_1_193' title='bbox 1438 2238 1541 2275; x_wconf 91' lang='lat' dir='ltr'><strong>non</strong></span> <span class='ocrx_word' id='word_1_194' title='bbox 1587 2221 1838 2276; x_wconf 85' lang='lat' dir='ltr'><strong>destituit:</strong></span> <span class='ocrx_word' id='word_1_195' title='bbox 1887 2220 1998 2294; x_wconf 87' lang='lat' dir='ltr'><strong>ipse</strong></span> 
     </span>
     <span class='ocr_line' id='line_1_25' title="bbox 221 2302 2000 2381; baseline 0.002 -25"><span class='ocrx_word' id='word_1_196' title='bbox 221 2302 420 2381; x_wconf 77' lang='lat' dir='ltr'><strong>casuum</strong></span> <span class='ocrx_word' id='word_1_197' title='bbox 474 2306 620 2358; x_wconf 83' lang='lat' dir='ltr'><strong>dubia</strong></span> <span class='ocrx_word' id='word_1_198' title='bbox 675 2319 905 2361; x_wconf 81' lang='lat' dir='ltr'><strong>metuens</strong></span> <span class='ocrx_word' id='word_1_199' title='bbox 961 2325 1137 2364; x_wconf 83' lang='lat' dir='ltr'><strong>manus</strong></span> <span class='ocrx_word' id='word_1_200' title='bbox 1192 2311 1279 2365; x_wconf 80' lang='lat' dir='ltr'><strong>fibi</strong></span> <span class='ocrx_word' id='word_1_201' title='bbox 1336 2309 1540 2362; x_wconf 88' lang='lat' dir='ltr'><strong>intulit:</strong></span> <span class='ocrx_word' id='word_1_202' title='bbox 1599 2310 1666 2362; x_wconf 84' lang='lat' dir='ltr'><strong>ita</strong></span> <span class='ocrx_word' id='word_1_203' title='bbox 1725 2322 1889 2380; x_wconf 82' lang='lat' dir='ltr'><strong>partes</strong></span> <span class='ocrx_word' id='word_1_204' title='bbox 1944 2308 2000 2360; x_wconf 89' lang='lat' dir='ltr'><strong>in</strong></span> 
     </span>
     <span class='ocr_line' id='line_1_26' title="bbox 222 2388 2001 2464; baseline 0.003 -24"><span class='ocrx_word' id='word_1_205' title='bbox 222 2388 523 2460; x_wconf 86' lang='lat' dir='ltr'><strong>potestatem</strong></span> <span class='ocrx_word' id='word_1_206' title='bbox 572 2391 778 2446; x_wconf 60' lang='lat' dir='ltr'><strong>victoris</strong></span> <span class='ocrx_word' id='word_1_207' title='bbox 822 2392 1175 2446; x_wconf 77' lang='lat' dir='ltr'><strong>concesserunt.</strong></span> <span class='ocrx_word' id='word_1_208' title='bbox 1281 2391 1419 2446; x_wconf 90' lang='lat' dir='ltr'><strong>Cum</strong></span> <span class='ocrx_word' id='word_1_209' title='bbox 1465 2394 1649 2446; x_wconf 89' lang='lat' dir='ltr'><strong>deinde</strong></span> <span class='ocrx_word' id='word_1_210' title='bbox 1695 2395 1770 2449; x_wconf 73' lang='grc' dir='ltr'><strong>ΡΙ.</strong></span> <span class='ocrx_word' id='word_1_211' title='bbox 1810 2391 2001 2464; x_wconf 81' lang='lat' dir='ltr'><strong>Vespa·</strong></span> 
     </span>
     <span class='ocr_line' id='line_1_27' title="bbox 226 2470 2000 2549; baseline 0.002 -20"><span class='ocrx_word' id='word_1_212' title='bbox 226 2474 380 2529; x_wconf 76' lang='lat' dir='ltr'><strong>sianus</strong></span> <span class='ocrx_word' id='word_1_213' title='bbox 424 2490 490 2527; x_wconf 85' lang='lat' dir='ltr'><strong>ex</strong></span> <span class='ocrx_word' id='word_1_214' title='bbox 534 2470 748 2530; x_wconf 81' lang='lat' dir='ltr'><strong>Oriente</strong></span> <span class='ocrx_word' id='word_1_215' title='bbox 789 2477 1077 2531; x_wconf 67' lang='lat' dir='ltr'><strong>aduentaret</strong></span> <span class='ocrx_word' id='word_1_216' title='bbox 1102 2522 1117 2549; x_wconf 76' lang='lat'>‚</span> <span class='ocrx_word' id='word_1_217' title='bbox 1173 2479 1352 2533; x_wconf 81' lang='lat' dir='ltr'><strong>auersis</strong></span> <span class='ocrx_word' id='word_1_218' title='bbox 1400 2480 1636 2532; x_wconf 89' lang='lat' dir='ltr'><strong>omnium</strong></span> <span class='ocrx_word' id='word_1_219' title='bbox 1684 2480 1746 2533; x_wconf 89' lang='lat' dir='ltr'><strong>ab</strong></span> <span class='ocrx_word' id='word_1_220' title='bbox 1788 2478 1858 2532; x_wconf 84' lang='lat' dir='ltr'><strong>A.</strong></span> <span class='ocrx_word' id='word_1_221' title='bbox 1903 2477 2000 2532; x_wconf 82' lang='lat' dir='ltr'><strong>Vi-</strong></span> 
     </span>
     <span class='ocr_line' id='line_1_28' title="bbox 223 2560 2001 2636; baseline 0.002 -24"><span class='ocrx_word' id='word_1_222' title='bbox 223 2560 367 2613; x_wconf 91' lang='lat' dir='ltr'><strong>tellio</strong></span> <span class='ocrx_word' id='word_1_223' title='bbox 409 2561 630 2630; x_wconf 80' lang='lat' dir='ltr'><strong>animis,</strong></span> <span class='ocrx_word' id='word_1_224' title='bbox 686 2578 789 2615; x_wconf 90' lang='lat' dir='ltr'><strong>non</strong></span> <span class='ocrx_word' id='word_1_225' title='bbox 845 2564 1007 2616; x_wconf 88' lang='lat' dir='ltr'><strong>modo</strong></span> <span class='ocrx_word' id='word_1_226' title='bbox 1065 2565 1149 2636; x_wconf 81' lang='lat' dir='ltr'><strong>qui</strong></span> <span class='ocrx_word' id='word_1_227' title='bbox 1205 2578 1348 2618; x_wconf 85' lang='lat' dir='ltr'><strong>antea</strong></span> <span class='ocrx_word' id='word_1_228' title='bbox 1394 2562 1605 2622; x_wconf 58' lang='lat' dir='ltr'><strong>,Othoni</strong></span> <span class='ocrx_word' id='word_1_229' title='bbox 1681 2564 2001 2636; x_wconf 85' lang='lat' dir='ltr'><strong>studuerant,</strong></span> 
     </span>
     <span class='ocr_line' id='line_1_29' title="bbox 222 2641 1998 2724; baseline 0.003 -27"><span class='ocrx_word' id='word_1_230' title='bbox 222 2641 307 2699; x_wconf 91' lang='lat' dir='ltr'><strong>sed</strong></span> <span class='ocrx_word' id='word_1_231' title='bbox 354 2643 562 2700; x_wconf 82' lang='lat' dir='ltr'><strong>Caecina</strong></span> <span class='ocrx_word' id='word_1_232' title='bbox 609 2665 802 2720; x_wconf 80' lang='lat' dir='ltr'><strong>quoque</strong></span> <span class='ocrx_word' id='word_1_233' title='bbox 831 2693 845 2719; x_wconf 85' lang='lat'>‚</span> <span class='ocrx_word' id='word_1_234' title='bbox 888 2649 971 2720; x_wconf 89' lang='lat' dir='ltr'><strong>qui</strong></span> <span class='ocrx_word' id='word_1_235' title='bbox 1016 2667 1222 2721; x_wconf 80' lang='lat' dir='ltr'><strong>magnas</strong></span> <span class='ocrx_word' id='word_1_236' title='bbox 1266 2667 1342 2704; x_wconf 85' lang='lat' dir='ltr'><strong>res</strong></span> <span class='ocrx_word' id='word_1_237' title='bbox 1385 2666 1482 2724; x_wconf 86' lang='lat' dir='ltr'><strong>pro</strong></span> <span class='ocrx_word' id='word_1_238' title='bbox 1507 2648 1722 2704; x_wconf 86' lang='lat' dir='ltr'><strong>Vitellio</strong></span> <span class='ocrx_word' id='word_1_239' title='bbox 1766 2645 1998 2723; x_wconf 72' lang='lat' dir='ltr'><strong>gesserat,</strong></span> 
     </span>
     <span class='ocr_line' id='line_1_30' title="bbox 221 2732 1305 2811; baseline 0.005 -25"><span class='ocrx_word' id='word_1_240' title='bbox 221 2732 288 2786; x_wconf 80' lang='lat' dir='ltr'><strong>acl</strong></span> <span class='ocrx_word' id='word_1_241' title='bbox 333 2750 528 2787; x_wconf 86' lang='lat' dir='ltr'><strong>nouum</strong></span> <span class='ocrx_word' id='word_1_242' title='bbox 575 2733 958 2807; x_wconf 85' lang='lat' dir='ltr'><strong>Imperatorem</strong></span> <span class='ocrx_word' id='word_1_243' title='bbox 1006 2737 1305 2811; x_wconf 87' lang='lat' dir='ltr'><strong>defecerunt.</strong></span> 
     </span>
    </p>
   </div>
   <div class='ocr_carea' id='block_1_3' title="bbox 321 2902 1997 2967">
    <p class='ocr_par' dir='ltr' id='par_1_3' title="bbox 321 2902 1997 2967">
     <span class='ocr_line' id='line_1_31' title="bbox 321 2902 1997 2967; baseline 0.002 -7"><span class='ocrx_word' id='word_1_244' title='bbox 321 2903 459 2960; x_wconf 84' lang='lat' dir='ltr'><strong>Tom.</strong></span> <span class='ocrx_word' id='word_1_245' title='bbox 503 2902 622 2964; x_wconf 85' lang='lat' dir='ltr'><strong>XI.</strong></span> <span class='ocrx_word' id='word_1_246' title='bbox 1053 2909 1105 2967; x_wconf 85' lang='lat' dir='ltr'>R</span> <span class='ocrx_word' id='word_1_247' title='bbox 1151 2924 1176 2965; x_wconf 83' lang='lat' dir='ltr'><strong>r</strong></span> <span class='ocrx_word' id='word_1_248' title='bbox 1845 2906 1997 2966; x_wconf 78' lang='lat' dir='ltr'><strong>Laeta</strong></span> 
     </span>
    </p>
   </div>
  </div>
 </body>
</html>
