2378 3564
246 188 251 192 ’
338 210 452 276 164
535 197 1007 264 EXPLICATIO
1053 197 1801 264 PHAENOMENORVM
1832 197 2037 288 QVAE

63 377 156 419 τὼ.
186 380 237 418 11.
325 360 467 417 vacui
512 358 653 412 enim
696 356 988 412 confiderari
1031 355 1238 426 poterit.
1329 351 1417 407 Ex
1460 352 1555 408 hac
1594 368 1766 413 autem
1811 357 2084 432 hypothesi

104 434 167 487 fig·
200 446 239 474 ²·
327 448 421 501 alia
465 444 731 516 reperietur
782 441 1033 497 correctio
1078 440 1193 496 situs
1258 440 1542 511 apparentis
1586 439 1636 491 in
1675 443 1783 496 casu
1848 444 2084 499 secundo,

325 529 379 589 Si
424 531 564 584 enim
618 529 881 584 obiedtum
947 527 1170 582 lucidum
1237 539 1501 580 moueatur
1545 525 1599 578 in
1643 525 1918 582 directione
1958 530 2010 584 O
2036 527 2087 583 V

324 617 580 672 celeritate
605 632 630 671 s
654 615 759 670 hoc
785 612 894 686 ipso
918 624 1065 670 motu
1111 610 1334 666 celeritas
1360 613 1496 667 radio
1531 610 1638 666 OA
1665 611 1896 664 naturalis
1919 631 1945 667 c
1970 613 2081 669 affi-

326 703 486 758 cietur
511 746 526 774 ,
569 713 677 756 tam
722 701 912 755 ratione
953 698 1239 754 directionis
1264 742 1279 770 ,
1322 697 1591 753 secundum
1617 713 1771 769 quam
1795 697 2052 754 eiiciuntur
2075 743 2090 769 ,

327 806 478 863 quam
525 788 722 842 ratione
764 785 1028 840 celeritatis
1053 827 1068 853 ,
1114 801 1240 855 quae
1285 782 1369 837 vel
1393 783 1650 855 augebitur
1672 781 1756 836 vel
1780 782 2087 837 diminuitur.

63 917 155 960 Tab.
185 920 223 958 11
483 873 528 937 ξ.
563 875 660 923 26.
706 871 954 923 Ponamus
998 885 1120 921 eum
1187 867 1385 922 radium
1454 867 1678 927 senium*>
1717 867 1899 922 obiecti
1944 866 1998 922 Ο
2042 867 2095 921 in

96 973 161 1026 fig.
196 949 237 1016 22
325 956 477 1011 oculo
544 954 836 1027 spectatoris
901 953 1127 1005 excitare
1155 993 1170 1019 ,
1239 952 1327 1023 qui
1370 950 1406 1006 fi
1448 951 1710 1005 obiectum
1779 950 2050 1023 quiesceret
2076 995 2092 1023 ‚

324 1043 641 1097 emitteretur
681 1041 733 1094 in
778 1037 1053 1093 directione
1101 1037 1154 1092 O
1180 1036 1228 1092 E
1271 1036 1523 1091 celeritate
1565 1055 1630 1092 c:
1656 1037 1896 1108 quoniam
1922 1049 2094 1093 autem

327 1127 591 1182 obiec‘tum
633 1126 687 1179 in
715 1123 992 1178 directione
1035 1121 1087 1175 O
1111 1122 1162 1175 V
1206 1122 1455 1175 cele-ritate
1499 1138 1525 1175 s
1576 1123 1873 1191 promoueri
1941 1122 2096 1196 poni-

328 1222 447 1282 tur,
491 1211 533 1267 fi
575 1210 800 1283 capiatur
869 1205 1655 1276 OVzOEzs:c‚radius
1698 1205 1825 1261 OE
1868 1224 1897 1261 a
1942 1219 2095 1262 motu

330 1297 521 1352 obiec'ti
565 1299 633 1352 ita
673 1294 917 1349 afficietur
944 1336 958 1361 ,
1001 1303 1060 1344 vt
1102 1292 1205 1343 eius
1249 1289 1462 1342 directio
1504 1290 1650 1340 cadat
1695 1289 1747 1339 in
1772 1290 2095 1358 diagonalem

330 1382 450 1437 ΟΑ
494 1376 954 1452 parallelogrammi
997 1372 1049 1420 Ο
1071 1371 1122 1420 Ε
1146 1373 1200 1419 Α
1225 1370 1277 1420 V
1300 1409 1315 1436 ‚
1359 1379 1505 1437 atque
1561 1368 1656 1420 isto
1698 1370 1852 1437 pac'to
1903 1369 2098 1440 speeta-

330 1478 496 1516 torem
543 1459 764 1512 offendat
787 1497 802 1523 ,
851 1452 1163 1507 celeritatem
1207 1467 1336 1505 vero
1380 1450 1468 1504 iste
1512 1451 1674 1505 radius
1717 1449 1770 1504 O
1794 1451 1846 1505 A
1890 1451 2098 1508 habebit

332 1557 527 1600 tantam
555 1587 570 1614 ,
615 1558 741 1615 quae
765 1540 811 1594 se
836 1538 1018 1593 habeat
1061 1537 1125 1592 ad
1168 1534 1446 1590 naturalem
1490 1554 1518 1590 c
1561 1537 1636 1589 vti
1675 1533 1803 1588 OA
1844 1537 1905 1590 ad
1948 1537 2093 1594 OE.

332 1628 470 1686 Cum
496 1630 646 1701 igitur
668 1625 923 1682 obiectum
949 1624 1161 1690 interea,
1188 1622 1312 1676 dum
1338 1621 1497 1675 radius
1521 1621 1583 1674 ad
1608 1619 1941 1692 spectatorem
1977 1640 2095 1694 per-

332 1717 512 1789 tingit,
537 1713 856 1787 progreditur
893 1727 985 1783 per
1031 1707 1243 1781 spatium
1269 1706 1545 1777 0V:s;
1583 1704 1833 1777 spectator
1868 1706 1920 1759 in
1957 1706 2096 1761 aesti-

334 1803 564 1859 matione
601 1800 701 1854 loci
734 1797 923 1852 obieffl
944 1789 1138 1850 falletur
1162 1793 1344 1865 angulo
1368 1792 1564 1847 OAV.
1610 1790 1801 1867 Quodfi
1824 1807 1948 1863 ergo
1979 1792 2105 1847 finus

332 1886 503 1960 anguli
544 1885 723 1940 AOV
769 1893 988 1956 ponatur
1031 1897 1166 1935 :m
1209 1882 1302 1935 erit
1345 1877 1766 1951 perpendicularis
1788 1875 1881 1949 Vp
1903 1877 1955 1929 in
1979 1876 2122 1951 Ao*
2159 1876 2164 1881 ’

334 1986 483 2041 dueta
529 2001 698 2039 :ms
751 1993 896 2054 atque
965 1979 1090 2035 finus
1155 1976 1322 2050 anguli
1366 1975 1634 2032 OAV:
1673 1956 1737 2044 Χξῑ
1763 1989 1836 2024 -Ξ
1863 1961 1928 2040 ’ξς
1953 2016 1969 2043 ‚
2012 1962 2132 2044 qui*

335 2087 474 2124 error
517 2070 753 2141 apprime
797 2066 1025 2138 congruit
1087 2081 1208 2119 cum
1255 2078 1323 2115 eo
1351 2102 1367 2131 ,
1414 2077 1568 2133 quem
1635 2074 1733 2131 pro
1774 2055 1884 2112 casu
1945 2057 2101 2113 tertio

335 2155 638 2213 inuenimus.

491 2231 541 2295 §.
572 2251 664 2304 27.
710 2236 990 2292 Plurimum
1035 2234 1184 2305 igitur
1230 2230 1358 2285 inter
1382 2229 1453 2285 est
1477 2228 1611 2285 nofl‘e
1636 2273 1650 2300 ,
1674 2239 1851 2283 vtrum
1895 2226 1982 2282 lux
2007 2243 2100 2301 pet

336 2324 586 2380 aetualem
631 2322 985 2395 explofionem
1030 2317 1382 2390 particularum
1449 2316 1725 2371 lucidarum
1782 2329 1850 2367 ex
1891 2314 2102 2370 obiecto

334 2410 501 2466 lucido
541 2421 805 2482 generetur
827 2450 842 2476 ‚
884 2423 949 2460 an
992 2404 1142 2460 simili
1187 2404 1350 2458 modo
1375 2446 1390 2473 ,
1435 2419 1539 2475 quo
1583 2401 1727 2455 sonus
1788 2415 1882 2471 per
1926 2402 2101 2454 ae‘rem

335 2508 655 2569 propagatur.
741 2491 796 2549 Si
839 2492 975 2545 enim
998 2491 1173 2561 urprior
1234 2490 1417 2543 modus
1458 2490 1511 2542 in
1554 2500 1726 2541 natura
1791 2484 1962 2540 locum
2008 2484 2100 2539 ha·

337 2582 458 2636 beat
485 2624 500 2651 ,
558 2592 671 2635 tunc
695 2577 877 2635 fimiles
920 2579 1082 2631 forent
1139 2573 1444 2630 differentiae
1511 2574 1639 2629 inter
1677 2571 1788 2625 loca
1853 2583 2098 2638 apparen-

339 2668 407 2720 tia
452 2678 501 2720 et
545 2682 666 2720 vera
707 2681 803 2737 pro
847 2661 956 2718 casu
995 2662 1206 2716 secundo
1249 2675 1301 2714 et
1345 2660 1496 2714 tertio
1520 2701 1534 2727 ,
1582 2669 1784 2725 tutoque
1828 2653 1998 2705 liceret
2021 2648 2096 2706 al-

303 2773 305 2775 ·
340 2762 504 2804 terum
545 2751 710 2804 casum
754 2751 816 2804 ad
858 2749 1066 2803 alterum
1114 2763 1214 2817 ope
1258 2759 1428 2800 motus
1467 2739 1700 2794 contrarii
1744 2737 1838 2788 toti
1864 2734 2096 2803 systema·

341 2834 386 2890 ti
427 2834 648 2911 impreffi
687 2834 933 2891 reducere.
1018 2831 1214 2907 Quodsi
1254 2841 1428 2885 autem
1472 2823 1656 2880 modus
1722 2820 1971 2896 posterior
2015 2821 2097 2875 lo-

749 2932 763 2945 ³
1975 2921 2098 2963 cum
