2378 3564
405 227 431 274 ι
445 225 523 287 54
609 200 1100 272 ΕΧΡιισΑτιο
1155 199 1896 269 PRAENOMENORVM
1922 203 2150 288 QVAE

399 365 524 420 radii
570 363 616 415 id
665 357 1037 431 representantis
1089 354 1269 409 eadem
1325 352 1417 407 erit
1452 354 1677 410 direcStio.
1766 357 1969 413 Deinde
2013 355 2156 412 nullo

400 448 562 502 modo
589 447 726 500 statui
755 443 920 516 potest
942 483 956 509 ‚
1003 441 1312 495 celeritatem
1354 438 1476 494 lucis
1519 456 1548 491 a
1595 451 1741 492 motu
1780 443 1960 497 obiecti
2004 441 2154 497 lucidi

401 529 532 585 affici
561 573 575 598 ‚
621 544 738 586 cum
779 530 917 582 enim
961 527 1070 580 veri
1111 524 1273 580 simile
1316 524 1373 580 sit
1397 567 1412 594 ‚
1454 522 1619 576 radios
1641 521 1760 575 lucis
1800 541 1903 578 non
1945 527 2058 582 aei-u
2091 527 2156 581 ab

404 611 614 668 obiecto
657 615 720 667 ad
763 628 853 666 nos
892 610 1077 683 proiici
1105 651 1120 678 ,
1181 609 1255 663 sed
1300 625 1392 683 per
1434 608 1692 662 aetherem
1739 607 2031 662 vndularum
2079 614 2157 665 in·

405 699 502 755 star
547 697 850 771 propagari,
916 695 1141 749 celeritas
1195 693 1314 748 lucis
1377 710 1406 747 a
1463 692 1560 747 sola
1625 691 1839 746 aetheris
1878 692 2162 749 elasticitate

408 784 649 858 pendebit
674 825 688 851 ,
731 796 889 852 neque
934 792 1103 833 motus
1145 778 1335 833 obiecti
1379 777 1525 848 ipsius
1558 776 1663 830 vllo
1705 776 1868 830 modo
1911 778 2163 850 particeps

410 869 525 922 erit.
615 865 868 936 Quocirca
911 862 1103 913 nullum
1161 860 1367 913 dubium
1423 859 1656 928 superesse
1695 859 1859 932 potest
1883 902 1900 930 ‚
1945 862 2063 933 quin
2105 877 2162 914 e·

411 947 578 1004 mistio
634 945 889 998 radiorum
944 958 1063 995 cum
1130 942 1326 997 ratione
1381 942 1671 995 directionis
1733 956 1843 995 tum
1911 945 2173 999 celeritatis

413 1032 603 1173 ῗοάεῐη
648 1027 743 1084 fiat>
779 1026 943 1082 modo
983 1041 1054 1081 ex
1095 1020 1300 1084 obiecto
1343 1038 1592 1099 vtcunque
1636 1037 1784 1081 moto
1824 1040 1881 1081 ac
1921 1042 1993 1082 ex
2031 1029 2169 1101 quie·

435 1128 597 1170 cente.

576 1194 623 1268 §i
654 1208 705 1258 8.
751 1197 1000 1277 Quamuis
1037 1208 1205 1257 autem
1251 1195 1440 1253 obiecti
1497 1207 1665 1252 motus
1720 1196 1772 1251 in
1812 1194 2055 1253 ernifione
2093 1211 2178 1252 ra·

418 1282 617 1343 diorum
675 1286 745 1339 nil
789 1286 950 1339 turbet
975 1328 990 1353 ,
1040 1295 1211 1338 tamen
1257 1282 1469 1337 directio
1493 1323 1508 1349 ,
1554 1281 1605 1334 in
1649 1297 1745 1352 qua
1791 1282 2091 1354 conspicitur
2141 1298 2175 1337 a

420 1371 702 1442 spectatore
728 1408 743 1438 ,
787 1382 1027 1423 mutatur.
1089 1367 1341 1421 Ponamus
1381 1367 1522 1419 enim
1567 1381 1634 1418 ex
1657 1364 1894 1433 obiecto,
1937 1368 2060 1420 dum
2116 1367 2173 1419 in

420 1455 474 1508 Ο
519 1453 588 1506 est
615 1490 630 1519 ‚
688 1467 924 1505 emanare
975 1451 1171 1504 radium
1212 1450 1328 1504 OA
1380 1451 1431 1502 in
1475 1449 1680 1502 oculum
1722 1447 2006 1521 spec‘tatoris
2030 1490 2046 1518 ‚
2088 1449 2175 1520 qui

421 1550 636 1606 demum
690 1547 803 1620 post
844 1536 910 1613 -ζ
974 1545 1167 1599 minuta
1221 1542 1427 1596 secunda
1491 1555 1557 1593 eo
1620 1543 1887 1612 pertinget.
1983 1542 2178 1596 Interea

422 1647 593 1693 autem
650 1630 814 1704 ipsum
871 1628 1131 1684 obiee‘tum
1179 1626 1236 1679 vi
1288 1639 1459 1680 motus
1485 1666 1499 1693 ,
1549 1639 1652 1697 quo
1705 1640 1812 1677 vno
1865 1623 2066 1677 minuto
2106 1625 2180 1682 se-

426 1719 595 1776 cundo
635 1717 845 1791 spatium
886 1730 912 1769 s
958 1713 1439 1769 semidiametrorum
1483 1720 1643 1762 terrae
1686 1707 1896 1762 absoluit
1953 1705 2185 1779 proceffit

427 1815 482 1874 in
525 1811 578 1868 V
603 1859 620 1885 ,
682 1812 754 1866 ita
794 1821 854 1866 vt
897 1807 956 1864 fit
998 1807 1213 1881 spatium
1257 1804 1373 1860 OV
1409 1822 1482 1858 z:
1507 1792 1563 1873 ss
1606 1799 1784 1856 semid.
1823 1814 2000 1856 terrae.
2096 1798 2186 1855 Ex

430 1917 534 1974 quo
573 1898 818 1972 spectator
861 1893 1121 1948 obiec‘tum
1168 1892 1222 1946 in
1264 1889 1318 1945 O
1358 1887 1624 1961 conspiciet
1648 1931 1664 1958 ‚
1707 1903 1826 1942 cum
1865 1886 1922 1941 id
1967 1885 2072 1938 iam
2107 1900 2188 1938 re·

433 2000 556 2040 vera
600 1983 672 2038 est
715 1984 768 2036 in
811 1980 908 2050 Vz,
955 1979 1152 2050 hocque
1195 1976 1250 2030 in
1294 1974 1412 2029 loco
1453 1990 1517 2027 eo
1559 1970 1666 2043 ipso
1712 1982 1982 2025 momento
2045 1968 2187 2022 vide-

434 2081 511 2126 ret
544 2111 556 2134 ,
601 2067 638 2123 fi
680 2067 770 2122 lux
812 2067 864 2121 in
908 2064 1108 2118 instanti
1152 2070 1528 2135 propagaretur.
1575 2054 1889 2108 Vocabimus
1930 2052 2083 2124 igitur
2105 2052 2187 2106 di-

439 2151 727 2209 restionem
796 2146 909 2203 AV
954 2148 1007 2201 in
1050 2162 1146 2217 qua
1211 2141 1468 2197 obiectum
1537 2151 1775 2208 tempore
1841 2135 2190 2191 obseruationis

436 2235 553 2293 actu
595 2231 981 2304 deprehenditur
1011 2273 1027 2300 ,
1079 2229 1249 2282 locum
1314 2225 1501 2280 obiecti
1568 2239 1749 2276 verum
1775 2265 1790 2292 ‚
1856 2221 2189 2275 direstionem

439 2336 568 2377 vero
610 2316 728 2374 Ao
751 2361 767 2387 ,
810 2317 862 2370 in
906 2331 1001 2388 qua
1043 2312 1338 2384 conspicitur
1361 2352 1376 2379 ‚
1420 2310 1588 2363 locum
1633 2299 2004 2379 apparentem:
2052 2305 2190 2359 vnde

439 2405 579 2463 locus
621 2417 768 2456 verus
810 2417 840 2455 a
883 2397 998 2454 loco
1038 2407 1307 2470 apparente
1350 2391 1644 2465 discrepabit
1686 2390 1864 2462 angulo
1904 2390 1957 2446 O
2001 2390 2053 2444 A
2096 2389 2148 2442 V
2175 2431 2192 2457 ‚

442 2490 525 2562 qui
568 2486 767 2558 angulus
810 2487 860 2539 in
905 2483 1090 2538 eodem
1138 2480 1292 2554 plano
1344 2478 1437 2533 erit
1481 2476 1771 2532 constitutus
1796 2519 1811 2547 ,
1853 2475 1906 2530 in
1950 2489 2049 2547 quo
2081 2472 2188 2546 spe-

443 2575 609 2632 &tator
649 2583 701 2625 et
742 2571 826 2624 via
868 2567 1055 2623 obiecti
1103 2563 1368 2620 verfimtur.

602 2658 647 2724 §-
680 2672 736 2722 9.
783 2653 858 2708 Vt
899 2651 1146 2725 quantitas
1187 2649 1330 2704 huius
1371 2645 1721 2719 discrepantiae
1763 2641 1843 2696 {eu
1884 2638 2051 2711 anguli
2085 2638 2193 2694 oA

449 2741 501 2796 V
546 2740 814 2795 innotestat
838 2781 852 2807 ,
895 2736 1261 2792 confideremus
1304 2733 1600 2803 triangulum
1642 2726 1821 2782 AOV
1866 2731 1920 2777 in
1965 2741 2066 2795 quo
2108 2725 2192 2778 da-

454 2833 533 2883 tur
572 2823 745 2885 relatio
787 2823 999 2880 laterum
1042 2819 1162 2877 Ao
1203 2830 1254 2875 et
1292 2815 1406 2896 ΟΥ
1432 2857 1451 2889 ,
1491 2828 1612 2872 cum
1653 2811 1711 2873 fit
1751 2807 2200 2918 ΑΟ;ΟΥ;-.ιξι;ς

2145 2922 2192 2932 e·-
