2378 3564
436 292 558 348 330
1177 260 1473 344 &gl-(3⁴3⁴

671 415 858 516 DE
912 405 1847 513 HYPERBOREI
1878 413 1954 508 S·

1183 582 1449 626 Avcrotuz

1086 665 1148 724 T.
1214 668 1276 724 S.
1345 668 1560 739 Bayer0.

430 901 657 1057 Nulla
694 925 771 965 res
812 906 1174 981 Hyperboreos
1229 921 1319 978 per
1362 920 1583 960 omnem
1629 898 1896 961 Graeciam
1950 905 2018 961 ita
2063 905 2196 962 cele-

608 998 717 1052 bres
761 995 880 1051 fecit
904 1039 920 1066 ,
972 1009 1126 1066 quam
1167 992 1304 1064 quod
1360 989 1487 1044 sacra
1531 992 1593 1045 ab
1640 993 1698 1046 iis
1743 992 1796 1045 in
1837 990 2030 1047 Delum
2072 995 2202 1047 mit-

430 1096 672 1139 terentur.
766 1081 869 1136 Eas
921 1078 1057 1135 fiiiffe
1109 1077 1312 1150 frugum
1370 1076 1618 1149 primitias
1661 1077 1863 1132 triticeis
1906 1079 2197 1151 mergitibus

429 1169 678 1224 inuolutas
711 1165 1000 1220 Herodotus
1035 1163 1256 1216 tradidit.
1314 1160 1398 1236 (1)
1436 1162 1667 1234 Virgines
1691 1161 2050 1235 Hyperboreae
2085 1181 2200 1237 per-

430 1256 608 1311 tulere.
659 1249 1127 1323 Antiquiffimarum
1173 1249 1389 1301 nomina
1431 1246 1571 1302 Delii
1614 1249 1877 1303 ediderunt
1919 1250 2050 1321 apud
2095 1249 2200 1304 He-

430 1341 711 1408 rodotum,
767 1329 1002 1411 ΑΘὙινἹε
1047 1335 1085 1408 ᾖ,
1133 1333 1295 1387 Ωπιν
1339 1330 1509 1401 Argin
1553 1341 1601 1384 et
1640 1332 1778 1404 Opzn
1806 1377 1821 1399 ,
1889 1349 2031 1407 quae
2071 1351 2203 1390 mox

432 1426 548 1498 post
590 1423 901 1493 Apollinem
948 1432 1001 1472 et
1045 1418 1274 1470 Dianam
1318 1430 1462 1469 natos
1525 1416 1576 1468 in
1620 1414 1765 1470 Delo
1816 1417 1996 1471 fuerint
2032 1461 2045 1487 ,
2113 1420 2206 1475 Ili-

431 1509 606 1576 thyiae
647 1505 715 1559 ob
757 1504 924 1558 felices
980 1511 1208 1556 matrum
1261 1497 1704 1569 Hyperborearum
1761 1513 1923 1567 partus
1975 1502 2202 1556 diuinam

431 1610 546 1650 rem
604 1607 674 1645 ex
728 1600 860 1644 voto
913 1586 1172 1642 iacturae:
1226 1583 1330 1637 vita
1381 1597 1510 1634 vero
1564 1580 1827 1633 defunCtae
1855 1621 1871 1647 ‚
1938 1595 1990 1633 et
2031 1602 2200 1654 prope

433 1677 771 1735 Artemisium
817 1671 835 1749 (
851 1673 952 1730 hoc
995 1672 1066 1727 est
1094 1715 1109 1743 ,
1152 1669 1214 1725 ad
1257 1668 1551 1723 vulturnum
1606 1663 1686 1720 seu
1727 1666 1984 1720 orientem
2033 1665 2199 1721 hiber-

431 1782 559 1823 num
603 1761 785 1819 insulae
810 1805 826 1832 ,
867 1759 961 1814 vbi
1004 1757 1321 1814 simulacrum
1367 1752 1566 1809 Dianae
1619 1763 1729 1807 erat
1758 1793 1774 1821 ,
1845 1751 1979 1824 quod
2023 1752 2209 1823 Aere-

437 1849 623 1926 μῐσιον
664 1844 806 1913 ιὸίως
878 1845 1108 1902 dicebant
1172 1841 1353 1911 Delii,
1416 1853 1476 1894 vt
1529 1837 1811 1911 Hyperides
1874 1839 1929 1893 in
1982 1841 2204 1894 oratione

431 1935 643 1994 Deliaca
684 1934 885 1990 testatur
927 1932 1059 2005 apud
1101 1922 1598 2001 Harpocrationem)
1644 1924 1793 1997 igitur
1836 1940 2006 1998 prope
2047 1926 2203 1981 Arte.

434 2023 638 2079 misium
706 2019 920 2093 sepultae
947 2063 961 2089 ,
1039 2015 1302 2090 quotannis
1366 2011 1577 2067 solemni
1643 2010 1913 2065 Deliorum
1979 2011 2202 2066 carmine

432 2108 650 2180 ludisque
691 2107 854 2160 cultae
896 2103 1019 2160 sunt.
1119 2101 1172 2156 A
1217 2099 1380 2154 Deliis
1431 2098 1655 2165 hymnos
1706 2111 1793 2148 eos
1835 2110 2069 2166 accepere
2112 2094 2201 2150 Io-

435 2210 524 2249 nes
568 2205 620 2247 et
663 2190 884 2245 insulani.
988 2188 1111 2243 Erat
1163 2197 1335 2239 autem
1380 2193 1625 2254 praeterea
1668 2179 1789 2234 haec
1832 2180 1987 2233 cultus
2026 2180 2157 2234 ratio
2183 2225 2198 2253 ,

435 2291 525 2348 vt,
567 2277 834 2352 postquam
875 2272 1292 2340 sacrific-amram,
1333 2269 1559 2321 cinerem
1604 2265 1885 2339 spargerent
1926 2281 1992 2318 ex
2017 2283 2100 2320 ara
2124 2264 2198 2322 su-

434 2379 529 2437 per
581 2362 753 2416 loculis
806 2359 1250 2432 Hyperborearum
1310 2354 1584 2425 virginum.
1702 2349 1943 2420 Hymnos
2006 2352 2202 2427 primus

437 2449 575 2504 Olen
617 2445 805 2517 Lycius
846 2443 1151 2516 composuit.
1241 2435 1335 2513 (2)
1378 2437 1547 2494 Paullo
1591 2437 1702 2510 post
1747 2436 1916 2509 Argin
1958 2447 2010 2490 et
2054 2436 2199 2509 Opin

437 2536 492 2590 in
524 2532 720 2588 Delum
766 2543 1010 2586 venerunt
1052 2527 1116 2582 ab
1160 2525 1498 2597 Hyperboreis
1545 2524 1599 2579 H
1585 2518 1838 2596 yperoche
1881 2534 1934 2575 et
1958 2522 2193 2578 Laodice.

439 2616 523 2694 (3)
569 2617 633 2672 In
678 2634 853 2672 earum
894 2615 1143 2670 comitatu
1178 2605 1391 2666 *fuerunt
1432 2610 1645 2681 quinque
1690 2608 1823 2679 viri,
1869 2609 1952 2679 qui
1994 2607 2197 2660 deduce-¹

436 2716 572 2762 rent.
657 2703 854 2758 Verum
896 2702 1051 2755 etiam
1092 2698 1205 2753 illae
1249 2699 1300 2751 in
1342 2695 1482 2751 Delo
1547 2693 1806 2749 defunctae
1851 2704 1901 2744 et
1943 2690 2199 2761 inzArte-

2007 2775 2158 2828 misio
2180 2820 2196 2845 ,

501 2905 578 2953 ιι)
609 2898 721 2941 mv,
753 2913 787 2941 c.
810 2911 877 2952 35.
955 2900 1046 2951 (α)
1071 2898 1286 2937 flerodotus
1317 2893 1344 2934 1.
1377 2906 1411 2933 c.
1479 2892 1570 2943 (3)
1605 2888 1814 2926 Herodotus
1840 2887 1863 2927 1.
1882 2887 1952 2927 lV.
1983 2899 2017 2928 c.
2038 2898 2106 2940 33.
2127 2902 2194 2942 35.
2256 2922 2257 2925 ,
