2378 3564
342 243 458 298 τεο
688 208 689 211 ‘
926 220 1079 288 20.ss
1125 215 1143 292 (
1171 234 1205 270 0
1235 217 1253 293 )
1299 220 1456 288 5203<-

335 372 996 461 EXPLICATIO
1071 369 2075 457 PHAENOMENORVM

389 501 696 597 QVAE
754 500 837 582 A
894 495 1230 575 MOTV
1259 494 1557 573 LVCIS
1590 495 2011 581 SVCCES-

444 620 448 623 ’
762 621 999 704 SIVO
1059 618 1651 701 ORIVNTVR.

1075 772 1179 813 Avc
1191 774 1336 812 roim

994 840 1177 897 Leonh.
1226 842 1419 898 EulerO.

1134 1096 1182 1161 (5.
1239 1119 1289 1157 1.

342 1191 457 1376 Si
500 1244 621 1298 radii
665 1242 784 1296 lucis
827 1242 877 1295 in
922 1242 1115 1296 instanti
1160 1259 1251 1314 per
1298 1241 1610 1313 quantumuis
1677 1260 1863 1316 magna
1930 1246 2083 1302 intet-

487 1329 611 1383 valla
654 1340 1041 1399 propagarentur
1066 1371 1080 1397 ,
1126 1339 1238 1381 tum
1282 1343 1384 1380 non
1429 1326 1586 1381 solum
1627 1346 1845 1399 quaeque
1886 1332 2085 1386 obieeta
2168 1364 2174 1370 ·

340 1430 404 1466 eo
445 1413 551 1482 ipso
593 1424 868 1464 momento
894 1454 907 1478 ,
952 1428 1053 1481 quo
1096 1412 1260 1465 lucem
1286 1413 1544 1465 emittere
1597 1413 1875 1483 incipiant,
1931 1432 2083 1486 appa-

339 1507 507 1549 rerent
535 1538 549 1562 ,
590 1493 669 1546 sed
713 1494 869 1545 etiam
914 1494 967 1545 in
1013 1494 1189 1546 eadem
1231 1495 1506 1546 directione
1532 1538 1546 1563 ‚
1591 1514 1746 1565 quam
1791 1499 1948 1551 radius
1972 1501 2083 1553 visi-

339 1596 430 1634 vus
470 1590 610 1632 tenet
635 1622 649 1647 ‚
693 1591 1051 1643 cernerentur,
1100 1593 1259 1647 neque
1304 1578 1356 1629 in
1403 1576 1499 1629 hac
1542 1577 1877 1631 obseruatione
1921 1595 2087 1636 motus

340 1664 440 1720 fine
484 1664 666 1718 obieffi
711 1662 809 1717 fine
854 1662 1000 1734 ipsius
1044 1659 1330 1731 spectatoris
1370 1661 1529 1716 vllum
1576 1654 1842 1715 discrimen
1900 1664 2087 1733 produ-

341 1762 494 1803 ceret.
579 1749 745 1803 Aliter
788 1765 865 1802 res
903 1747 950 1800 se
990 1745 1181 1817 habet,
1222 1748 1257 1800 si
1300 1747 1424 1800 radii
1467 1746 1587 1800 lucis
1641 1763 1745 1799 non
1799 1747 1853 1799 in
1893 1746 2116 1801 instanti

344 1848 685 1907 propagantur
714 1876 728 1904 ‚
781 1832 863 1887 sed
920 1833 980 1887 ad
1026 1833 1199 1886 datum
1268 1831 1480 1903 spatium
1552 1830 1904 1885 absoluendum
1972 1833 2091 1886 dato

343 1931 581 1991 tempore
623 1936 749 1990 opus
792 1918 995 1973 habent.
1085 1918 1257 1971 Primo
1300 1920 1439 1972 enim
1484 1934 1603 1972 cum
1649 1916 1905 1970 obiecstum
1968 1928 2090 1969 ante

344 2004 599 2059 occultum
647 2003 802 2058 subito
845 2004 1009 2057 lucem
1056 2005 1290 2056 emittere
1334 2003 1575 2072 incipiat,
1624 2001 1676 2053 id
1720 2017 1785 2052 eo
1829 1998 1938 2070 ipso
1972 2015 2084 2053 mo-

347 2101 526 2142 mento
568 2106 597 2141 a
640 2087 918 2158 spectatore
982 2104 1085 2140 non
1155 2099 1381 2140 cernetur
1407 2129 1420 2154 ‚
1488 2085 1567 2137 sed
1613 2101 1678 2137 eo
1729 2083 1944 2153 tardiuS,
1990 2101 2089 2154 quo

349 2173 516 2225 maior
557 2171 700 2225 fuerit
742 2171 970 2225 distantia
1015 2172 1142 2222 inter
1185 2170 1448 2222 obiectum
1496 2181 1547 2221 et
1592 2167 1942 2239 spectatorem.
1981 2166 2091 2221 De-

348 2257 466 2310 inde
512 2256 662 2309 etiam
694 2297 707 2324 ‚
756 2256 841 2309 nisi
883 2268 992 2308 tam
1033 2254 1289 2307 obiecium
1335 2270 1483 2325 quam
1529 2254 1775 2324 ipedtator
1822 2251 2093 2324 quiescant,

350 2339 616 2395 discrimen
683 2339 1072 2411 deprehendetur
1117 2341 1167 2391 in
1212 2339 1489 2392 directione
1517 2383 1530 2408 ,
1600 2340 1650 2391 in
1694 2354 1788 2408 qua
1832 2338 2089 2391 obiedtum

266 2433 272 2448 ‘
349 2426 609 2496 apparebit
636 2469 649 2493 ,
696 2424 1105 2495 inaequalitasque
1149 2424 1413 2492 intercedet
1458 2424 1584 2475 inter
1627 2423 1960 2477 direc‘tionem
1988 2466 2003 2493 ,
2047 2423 2100 2476 in

353 2526 449 2581 qua
493 2510 747 2563 obiecstum
794 2510 974 2562 eodem
1018 2522 1289 2562 momento
1352 2507 1713 2578 conspiceretur
1763 2507 1836 2560 ab'
1870 2506 2093 2561 obserua-

356 2606 466 2647 tore
494 2640 508 2665 ,
551 2595 587 2648 fi
629 2595 757 2648 radii
799 2596 850 2646 in
896 2594 1090 2646 instanti
1135 2605 1529 2665 propagarentur
1553 2636 1566 2662 ,
1611 2608 1818 2662 eamque
1861 2590 2088 2643 direc'tio-

355 2693 504 2748 nem‚
551 2679 602 2731 in
647 2697 742 2750 qua
798 2679 910 2732 ac‘tu
953 2677 1268 2749 conspicitur.
1914 2675 1920 2681 ’

512 2763 555 2825 §.
594 2779 644 2813 2.
695 2763 889 2816 Lucem
925 2776 1093 2815 autem
1139 2779 1238 2814 non
1285 2764 1336 2813 in
1360 2760 1554 2813 instanti
1578 2757 1840 2827 propagari
1864 2760 2095 2810 euincunt

353 2843 715 2901 obseruationes
756 2846 1039 2918 ecclipfium
1086 2844 1344 2906 satellitum
1388 2842 1565 2913 loui53
1611 2841 1782 2911 quibus
1805 2843 1992 2896 constat
2017 2859 2092 2894 ra·

1987 2926 2094 2980 dios
