2378 3564
303 259 811 327 'SCHEDIASMA
855 260 961 316 DE
1006 259 1061 318 V
1060 253 1446 319 FNTORVM
1489 267 1579 317 etc.
1772 265 1890 320 273

134 422 302 479 calore
323 450 325 454 ν
348 433 430 475 ant
473 420 654 490 frigore
696 414 838 467 venti
881 413 1094 467 iudicare
1138 414 1303 468 liceat.
1407 410 1505 466 Hie
1561 409 1750 465 necesse
1793 409 1901 482 qui-

136 510 259 565 dem
305 506 459 577 esset,
506 517 564 558 vt
610 499 1067 556 Thermometrum
1116 511 1271 552 vento
1317 498 1405 570 ipsi
1449 498 1616 569 quauis
1655 497 1769 550 vice
1809 510 1902 551 ex-

137 604 409 669 poneretur
434 635 448 662 ,
490 603 541 645 et
583 589 765 660 gradus
802 584 944 639 huius
985 583 1136 636 calori
1182 596 1233 636 et
1276 581 1444 653 frigori
1488 580 1790 651 respondens
1814 598 1901 634 an-

138 692 433 736 notaretur:
480 675 559 729 sed
601 672 841 745 quoniam
888 670 988 722 hoc
1034 684 1399 738 nonnunquam
1454 665 1650 719 lucente
1696 663 1793 717 soie
1840 665 1904 719 fi-

136 765 209 819 eri
253 764 456 818 deberet
479 805 493 831 ‚
539 763 675 812 cuius
717 758 853 810 calor
897 754 1295 808 obseruationem
1341 754 1404 807 de
1450 751 1616 805 calore
1658 752 1798 803 venti
1841 752 1908 805 it-

137 851 292 906 ritam
341 848 606 916 redderet,
650 841 913 898 contultius
954 841 1021 894 est
1046 883 1061 907 ‚
1117 851 1177 893 vt
1220 838 1684 895 Thermometrum
1740 835 1909 890 fixum

139 937 192 990 in
234 936 352 990 loco
394 933 562 1004 aliquo
602 926 875 1001 suspensum
923 937 1131 980 maneat
1156 968 1171 994 ,
1214 924 1297 995 qui
1339 923 1444 976 a‘e‘ri
1491 922 1652 976 libero
1698 932 1750 973 et
1784 937 1911 974 ven-1

143 1022 206 1074 tis
250 1019 443 1091 peruius
487 1017 546 1071 fit
572 1061 586 1086 ,
628 1015 706 1070 sed
753 1015 815 1067 ab
862 1014 1010 1066 omui
1052 1010 1151 1064 sole
1199 1021 1328 1062 tutus
1355 1052 1369 1076 ,
1415 1007 1549 1078 quod
1604 1005 1746 1060 facile
1800 1005 1910 1060 fieri

143 1105 348 1175 potest3
404 1116 551 1172 atque
602 1101 666 1153 fic
722 1112 917 1151 certum
972 1096 1167 1162 semper
1210 1094 1449 1145 indicium
1499 1089 1672 1143 haberi
1729 1092 1916 1160 poterit

142 1191 209 1242 de
253 1188 417 1242 calore
461 1198 542 1239 aut
586 1182 769 1251 frigore
814 1195 905 1248 per
945 1191 1293 1247 quemcunque
1335 1184 1550 1228 ventum
1598 1174 1836 1240 aduec‘to²
1864 1185 1917 1227 et

142 1290 263 1328 cum
306 1273 394 1327 illo
435 1273 552 1324 a'e’re
577 1310 593 1338 ‚
636 1267 720 1339 qui
770 1261 1187 1318 Thermometro
1230 1258 1545 1315 circumfluus
1588 1258 1660 1311 est
1686 1300 1701 1328 ‚
1746 1256 1920 1311 statim

139 1356 540 1416 communicato.

297 1434 347 1499 ἕ.
383 1458 407 1493 1
425 1449 475 1498 8.
526 1436 664 1493 Cum
690 1436 870 1491 deinde
896 1445 1092 1487 certum
1117 1432 1200 1501 fit,
1228 1445 1473 1502 magnam
1509 1430 1639 1483 inter
1664 1427 1792 1482 a’e'ris
1815 1429 1922 1500 agi-

141 1530 357 1585 tationes
381 1539 432 1579 et
455 1524 745 1579 Barometri
780 1519 1085 1574 mutationes
1119 1516 1226 1571 dari
1261 1517 1638 1570 connexionem
1667 1532 1676 1567 :
1705 1514 1922 1568 necessa..

142 1615 280 1669 rium
306 1626 509 1682 quoque
529 1609 622 1660 erit
635 1604 924 1661 Barometri
950 1603 1199 1658 rationem
1226 1614 1583 1673 tenere‚atque
1597 1600 1699 1654 eius
1710 1599 1924 1670 gradum

145 1698 200 1753 in
226 1695 395 1769 quauis
417 1706 691 1749 ventorum
719 1691 1062 1747 obseruatione
1088 1701 1363 1761 annotare3
1389 1687 1522 1741 cuius
1533 1682 1822 1740 Barometri
1846 1683 1926 1740 lo-

148 1799 234 1838 cus
257 1782 389 1837 fixus
411 1781 604 1835 ibidem
633 1779 727 1833 efle
752 1776 917 1852 potest
940 1820 956 1846 ‚
980 1775 1070 1830 vbi
1095 1774 1558 1830 Thermometrum
1586 1770 1868 1826 afleruatur.

304 1859 354 1924 ὅ.
391 1882 484 1933 19.
531 1864 606 1920 Vt
639 1865 853 1938 denique
889 1862 1045 1918 etiam
1073 1860 1272 1930 stiatur,
1297 1875 1574 1933 quamnam
1610 1856 1924 1915 humiditatis

147 1964 235 2007 aut
258 1951 486 2005 ficciiatia
509 1953 850 2005 mutationem
870 1960 1049 2004 ventus
1071 1948 1270 2020 quisque
1293 1944 1616 2020 produxerit:
1643 1940 1925 1998 adhibenda

147 2049 292 2092 erunt
328 2035 675 2107 Hygromctra
699 2073 714 2104 ‚
765 2049 818 2089 et
856 2051 1036 2088 eorum
1082 2034 1134 2087 in
1170 2033 1356 2087 eodem
1392 2049 1510 2086 cum
1540 2027 1849 2084 Barometro
1871 2038 1927 2083 et

147 2123 556 2177 Thermometro
590 2121 709 2176 loco
744 2120 1029 2195 positorum
1066 2116 1434 2175 obseruationes
1455 2114 1645 2172 solicite
1670 2113 1831 2169 etiam
1854 2112 1922 2170 fa-

148 2208 375 2261 ciendae.

169 2288 177 2295 ’
310 2293 356 2357 §.
393 2308 499 2360 20„
532 2292 620 2348 De
664 2286 980 2349 obseruat'ore
1014 2291 1221 2348 tandem
1258 2288 1368 2363 ipso
1392 2288 1493 2345 hoc
1519 2284 1685 2343 adhuc
1708 2301 1928 2342 monen-

156 2376 282 2431 dum
307 2378 375 2430 est
396 2421 410 2447 ‚
437 2380 613 2449 requiri
639 2379 885 2449 omnino,
910 2390 967 2431 vt
992 2378 1031 2430 is
1054 2378 1498 2430 instrumentorum
1523 2374 1721 2428 suorum
1746 2369 1927 2442 cogni-

155 2463 355 2516 tionem
396 2475 446 2516 et
470 2463 893 2517 construstionem
930 2461 1090 2534 probe
1119 2471 1317 2531 teneat,
1343 2477 1447 2533 quo
1469 2459 1654 2513 eodem
1680 2455 1922 2511 mutatio-

156 2561 418 2620 ne5,atque
443 2550 627 2603 exinde
652 2548 938 2604 hauriendas
961 2547 1343 2616 obseruationes,
1355 2545 1490 2600 reste
1503 2544 1748 2598 instituere
1759 2537 1925 2613 poffit.

151 2632 291 2687 'Hinc
334 2648 599 2706 antequam
636 2635 743 2689 taiis
778 2635 952 2707 aliquis
984 2632 1326 2687 obseruatorio
1347 2629 1433 2686 suo
1456 2630 1811 2697 admoneatur,
1838 2640 1927 2681 ne-

159 2718 358 2773 ceffirio
396 2733 539 2773 antea
575 2721 883 2776 exercendus
919 2719 1012 2775 erit
1047 2737 1075 2773 a
1100 2719 1265 2792 perito
1287 2716 1507 2791 quodam
1534 2718 1586 2771 in
1610 2712 1850 2770 omnibus
1874 2721 1928 2766 et

161 2803 358 2874 singulis
396 2806 740 2878 expositarum
788 2805 1181 2861 obseruationum
1220 2803 1482 2873 fiaciendi5‚
1518 2801 1682 2857 donec
1719 2797 1928 2855 metho-

162 2891 285 2946 dum
313 2889 434 2944 haec
460 2893 638 2947 omnia
661 2890 982 2966 persequendi
1004 2901 1233 2946 accurate
1256 2889 1499 2946 didicerit.

252 2969 398 3032 Tom.
426 2976 547 3034 XI.
968 2975 1033 3040 M
1061 2991 1120 3031 m
1637 2962 1924 3028 DISSER-
