2378 3564
427 172 554 236 εστ·
802 170 806 177 ’
1101 170 1514 256 &exortae

919 310 1728 403 SCHEDIASMA

702 439 901 542 DE
996 446 1084 545 V
1115 446 1197 544 E
1233 445 1315 540 N
1350 445 1943 547 TORVM

425 572 1026 638 OBSERVATioNE
1063 579 1554 655 QVOTIDIANA
1573 625 1587 651 ,
1615 581 1754 638 PER
1784 576 2204 648 INTEGRVM

475 669 1006 732 AMPLISSIMVM
1051 671 1431 731 IMPERIVM
1478 674 1848 733 RVSSICVM
1876 720 1892 746 ‚
1937 676 2168 735 INSTI-

544 759 818 814 TVENDA
847 791 865 823 ‚
903 759 1046 809 CVM
1080 760 1342 807 MAxuno
1394 762 1730 813 SCIENTIAE
1761 764 2114 818 METEORO-
2164 760 2202 776 ‘⁴

919 834 1209 886 LooicAE
1250 835 1731 891 EMOLVMENTo.

210 1363 313 1410 tab.
341 1361 408 1408 xv,
444 1340 774 1498 Nondum
815 1348 1036 1425 elapfiim
1073 1352 1145 1409 est
1189 1353 1408 1412 seculum
1433 1399 1449 1426 ,
1492 1371 1561 1413 ex
1583 1371 1687 1430 quo
1721 1355 1930 1418 celebris
1965 1360 2049 1417 ille
2073 1355 2215 1420 Gne·-¹

621 1437 774 1490 rikius
794 1477 810 1502 ,
855 1435 1110 1489 obseruata
1152 1436 1265 1490 casu
1305 1442 1530 1509 quodam
1576 1446 1811 1497 mercurii
1855 1448 1908 1498 in
1952 1447 2077 1502 tubo
2101 1448 2225 1501 To·-

446 1521 712 1580 ricelliano
763 1521 1066 1574 inconstanti
1117 1518 1373 1576 altitudine
1393 1564 1411 1590 ‚
1469 1521 1641 1578 ansam
1697 1526 1925 1597 praebuit
1966 1527 2218 1584 Barome-

448 1618 649 1664 trorum
710 1604 1042 1660 obseruationi
1097 1606 1325 1678 quotidie
1376 1606 1721 1664 instituendae.
1828 1609 1918 1666 Est
1981 1611 2125 1666 enim
2177 1612 2223 1666 is

453 1692 650 1768 primus
691 1692 778 1763 qui
819 1691 1017 1746 detexit
1059 1689 1193 1747 hanc
1238 1691 1555 1750 altitudinem
1591 1695 1825 1751 mercurii
1869 1695 1925 1750 in
1958 1696 2082 1751 tubo
2106 1694 2160 1750 T
2159 1711 2217 1751 o-

456 1776 710 1836 ricelliano
752 1775 994 1832 sustentati
1017 1821 1033 1848 ‚
1076 1790 1130 1832 et
1171 1777 1333 1834 libero
1372 1781 1476 1835 ae‘ri
1516 1782 1775 1853 expositi,
1819 1781 1978 1837 indies
2018 1777 2226 1853 mutari,

457 1874 512 1919 et
551 1860 906 1936 consequenter
959 1878 1049 1935 per
1099 1862 1230 1918 hanc
1281 1864 1551 1921 altitudinis
1601 1865 1712 1922 suae
1756 1869 2098 1923 mutationem
2143 1868 2226 1922 in·

456 1948 624 2004 dicare
649 1992 664 2018 ‚
704 1949 840 2022 quod
882 1949 1034 2003 variis
1071 1950 1389 2023 temporibus
1430 1963 1483 2006 et
1526 1952 1701 2007 diebus
1740 1952 1887 2005 vario
1911 1952 2065 2005 etiam
2092 1965 2226 2022 pon·

458 2034 575 2088 dere
620 2035 814 2106 integra
857 2034 987 2089 ae'ris
1028 2035 1379 2107 atmosphaera
1428 2047 1629 2106 premat
1674 2034 1858 2089 telluris
1880 2033 2226 2106 superficiem.

459 2118 635 2194 Quam
678 2121 906 2190 primum
952 2118 1122 2191 itaque
1165 2120 1361 2190 elegans
1402 2117 1504 2173 hoc
1548 2121 1810 2175 inuentum
1866 2120 1978 2173 orbi
2022 2119 2231 2173 erudito

461 2200 683 2258 innotuit
708 2245 723 2272 ,
767 2201 955 2258 factum
996 2203 1067 2256 est
1089 2244 1107 2272 ‚
1150 2215 1211 2257 vt
1253 2219 1405 2275 quam
1448 2201 1653 2275 plurimi
1694 2204 1772 2260 his
1801 2202 2230 2277 obseruationibus

460 2286 686 2360 quotidie
724 2303 847 2341 cum
893 2302 1009 2340 cura
1053 2286 1363 2342 instituendis
1404 2287 1590 2344 solicite
1654 2289 1967 2345 incubuerint
1989 2331 2005 2355 ‚
2049 2287 2120 2343 ita
2165 2298 2228 2344 vt

461 2375 641 2431 'earum
694 2371 947 2443 catalogus
995 2371 1153 2427 hodie
1207 2373 1260 2427 in
1306 2373 1568 2444 ingentem
1614 2374 1874 2434 cumulum
1915 2372 2185 2430 accreuerit
2207 2412 2228 2444 ,

468 2468 523 2514 et
560 2457 784 2531 quotidie
826 2455 989 2511 adhuc
1029 2458 1225 2513 maiora
1268 2460 1436 2532 capiat
1482 2461 1810 2516 incrementa.
2057 2502 2062 2503 ff

626 2542 675 2609 §.
706 2561 761 2596 2.
831 2538 981 2596 Circa
1048 2542 1187 2598 idem
1251 2544 1360 2599 fere
1423 2556 1626 2620 tempus
1673 2547 1738 2602 ad
1781 2545 2028 2602 maiorem
2066 2540 2222 2596 etiam

474 2625 795 2701 perfeetionis
839 2627 1050 2699 gradum
1094 2628 1271 2684 euecta
1312 2629 1508 2686 fuerunt
1554 2631 1968 2687 Thermometra.
2052 2623 2224 2696 Haec,

474 2713 552 2767 vti
594 2725 775 2773 notum
818 2713 886 2767 est
912 2753 930 2781 ,
985 2728 1014 2765 a
1057 2710 1298 2770 Cornelio
1341 2712 1619 2770 Drebbelio
1645 2758 1661 2784 ,
1711 2713 1906 2768 Batauo
1928 2753 1943 2778 ‚
1997 2710 2225 2781 primum

476 2795 677 2854 inuenta
702 2839 719 2868 ,
763 2795 854 2877 ‘sed
907 2796 1082 2853 multis
1134 2799 1306 2856 naeuis
1355 2797 1522 2855 adhuc
1570 2795 1848 2853 laborantia
1873 2837 1890 2868 ‚
1930 2793 1994 2850 ab
2026 2794 2229 2850 Acade-

2081 2891 2230 2936 mrem
