2378 3564
178 1297 275 1339 G‘ab.
308 1296 377 1337 lv.

206 1352 275 1406 fig.
312 1366 351 1394 x.

422 227 555 298 '234
709 216 838 293 DE
862 216 946 280 VI
981 208 1252 287 VENAE
1294 210 1602 300 AQVEAE
1644 213 1960 289 CONTRA

423 378 523 432 rim
551 419 564 442 ,
611 373 742 429 haud
783 376 869 428 abs
911 392 963 429 re
1005 373 1110 429 fore
1153 386 1278 446 puto
1318 371 1532 426 breuiter
1574 384 1793 446 repetere
1835 395 1891 432 ea
1921 419 1937 448 ‚
1982 378 2034 433 in
2075 372 2184 449 qui-

425 462 513 517 bus
555 462 933 532 ingeniofiilima
979 460 1207 514 Theoria
1252 457 1600 525 Bernoulliana
1642 457 1874 513 consistit.
1957 465 2054 518 Pro
2099 463 2185 516 de·

424 547 749 600 terminanda
801 548 848 600 vi
894 562 1054 599 venae
1099 562 1280 617 aqueae
1309 542 1377 598 “in
1424 544 1628 616 planum
1688 544 1979 599 incurrentis
2021 549 2188 618 prima

423 633 796 703 Experimenta
834 626 1105 695 fizehiesse
1145 628 1267 685 dicit
1308 629 1362 683 in
1406 631 1684 685 Academia
1728 624 2192 685 Scientiarum'Pa-

426 716 609 773 ridenti
637 761 650 786 ‚
694 734 830 784 anno
879 721 995 768 166
1000 735 1072 783 9,
1119 717 1238 770 teste
1285 714 1660 770 Duhammelio
1703 716 1754 769 in
1798 715 2020 771 Historia
2054 713 2198 770 huius

426 804 787 872 Academiae3
857 803 970 873 post
1023 803 1146 854 haec
1177 800 1376 873 'secuta'
1412 799 1538 852 ‘elle'
1570 801 1731 856 multa
1785 802 1930 874 alitr'·⁷
1985 799 2193 855 statuisse

426 901 599 941 autem
644 902 840 949 omnesf
871 886 1105 964 Phyfiqqs
1157 899 1225 961 ex
1257 883 1349 938 his
1369 883 1819 964 ·‘·Experimentis·‚
1873 886 2192 960 praedidiam

423 972 543 1025 vim
589 985 773 1022 venaees
784 974 970 1040 aqueae
997 1013 1012 1039 ,
1035 961 1200 1024 ⁵*r1310'xss‘
1231 966 1351 1023 ante
1377 967 1622 1024 2-forame1‘1
1665 964 1728 1022 ab
1751 970 1988 1025 affere-ulo
2027 972 2195 1044 aliquo

425 1070 671 1125 exceptae
698 1097 712 1123 ‚
754 1057 1016 1126 aequalem
1062 1055 1154 1109 effi:
1198 1055 1412 1125 ponderi
1457 1054 1673 1123 cylindri
1717 1056 1900 1126 aquei,
1943 1055 2082 1110 cuius
2117 1056 2201 1110 ba-

427 1140 488 1195 sis
531 1140 587 1193 fit
630 1137 859 1193 foramen
904 1156 996 1211 per
1040 1140 1176 1211 quod
1219 1156 1342 1210 aqua
1388 1140 1552 1193 exsilit
1577 1184 1591 1211 ‚
1637 1140 1855 1195 altitudo
1898 1153 2073 1195 autem
2117 1157 2198 1212 ea,

428 1241 553 1295 quae
597 1225 668 1277 est
713 1241 866 1295 aquae
911 1225 1064 1278 totius
1116 1221 1259 1293 supra*
1283 1214 1288 1225 ²
1309 1213 1540 1276 foramen
1596 1227 1828 1280 extantis.
1929 1224 2010 1280 Ita
2056 1226 2199 1280 iuxta

430 1309 560 1363 hanc
605 1308 923 1380 Hypothesm
969 1310 1087 1364 effet-
1129 1309 1251 1377 vis,
1297 1326 1452 1380 quam
1494 1326 1619 1380 aqua
1663 1326 1756 1381 pet
1800 1305 1931 1364 GM
1973 1312 2202 1372 exsiliens

427 1396 482 1450 in
522 1394 732 1463 planum
774 1393 1063 1445 afferculum
1106 1392 1212 1445 ΟΡ
1258 1393 1438 1447 exserit
1464 1435 1479 1461 ,
1526 1392 1739 1464 aequalis
1781 1393 1998 1465 ponderi
2039 1396 2203 1462 cylin-

427 1478 507 1531 dri
550 1476 731 1548 aquei,
778 1476 911 1527 cuius
951 1474 1074 1527 basis
1115 1473 1187 1525 est
1229 1490 1342 1526 area
1387 1474 1644 1528 foraminis
1686 1472 1805 1531 GM
1833 1517 1850 1541 ‚
1897 1490 1949 1530 et
1992 1477 2206 1532 altitudo

426 1558 569 1618 GA.
660 1558 847 1613 Afferit
901 1574 1054 1629 porro
1079 1600 1095 1627 ,
1146 1555 1432 1629 Hypothefi
1488 1556 1603 1610 huic
1659 1558 2035 1630 Experimenta
2073 1576 2208 1615 nun·

425 1662 586 1720 quam
615 1654 618 1656 ’
643 1660 710 1698 ex
767 1643 863 1697 affe
918 1641 1218 1714 respondisse
1243 1686 1259 1712 ‚
1317 1642 1456 1697 cuius
1511 1641 1740 1697 distensus
1792 1643 1927 1696 inter
1979 1642 2205 1715 Experi-

426 1743 608 1789 menta
667 1741 720 1784 et
765 1729 1052 1786 Ratiocinia
1106 1728 1363 1801 duplicem
1417 1728 1563 1783 affert
1619 1727 1841 1785 caussun.
1926 1726 2104 1782 Primo
2149 1742 2206 1782 e-

428 1819 543 1875 nim
589 1827 766 1890 putant
808 1814 950 1869 huius
993 1813 1263 1869 sententiae
1307 1809 1537 1870 Patroni'
1553 1814 1866 1870 celeritatem
1908 1829 2064 1886 aquae
2108 1828 2206 1887 per

430 1901 554 1958 GM
592 1900 866 1955 'exfilientis
908 1914 1021 1955 eam
1066 1899 1162 1954 efle
1185 1943 1201 1970 ,
1265 1917 1420 1972 quam
1472 1917 1622 1973 graue
1663 1899 1860 1974 aliquod
1917 1899 2068 1954 libere
2113 1914 2208 1971 per

431 1982 541 2045 AG
588 1985 844 2058 delapsum
885 1986 1138 2059 acquitere
1180 1975 1386 2059 posset3
1433 2004 1536 2058 quo
1578 1985 1689 2058 ipso
1733 1983 1929 2039 indu-sti
1969 1982 2105 2053 sunt,
2149 1993 2210 2037 vt

431 2071 721 2142 cylindrum
766 2087 981 2143 aqueum
1026 2072 1294 2126 altitudinis
1333 2066 1452 2126 AG
1496 2070 1806 2124 assumerent.
1891 2065 1995 2125 Sed
2019 2080 2208 2123 notum

433 2156 592 2216 hodie
637 2156 709 2209 est
732 2198 748 2226 ‚
792 2155 896 2211 hoc
940 2172 1046 2210 non
1089 2172 1271 2210 verum
1316 2154 1411 2208 effe
1455 2155 1545 2210 nisi
1582 2152 1812 2209 foramen
1853 2149 1983 2210 GM
2027 2153 2206 2209 statua-

435 2254 517 2298 tur
561 2239 755 2296 infinite
799 2257 1058 2314 paruum3
1104 2241 1156 2294 in
1202 2239 1452 2295 foramine
1493 2252 1665 2295 autem
1722 2238 1897 2302 finitae
1953 2240 2211 2311 magnitu-

435 2327 568 2383 dinis
610 2326 800 2380 i'astum
844 2342 1005 2380 venae
1047 2341 1232 2397 aqueae
1289 2328 1517 2381 exeuntis
1571 2325 1719 2381 istum
1776 2325 1992 2398 gradum
2032 2323 2210 2379 celeri·-

349 2408 354 2411 ”
436 2413 553 2468 tatis
606 2426 858 2484 nunquam
912 2411 1173 2482 attingere.
1268 2408 1504 2466 Secundo
1560 2411 1786 2465 statuitur
1841 2411 1896 2464 in
1951 2409 2047 2465 hac
2090 2409 2213 2482 opi-

436 2499 590 2553 nione
617 2538 632 2564 ,
678 2496 1069 2569 amplitudinem
1113 2511 1277 2551 venae
1322 2498 1556 2552 exeuntis
1594 2497 1807 2553 eandem
1852 2495 1949 2551 effe
1988 2511 2113 2567 quae
2135 2492 2209 2548 est

433 2582 696 2637 foraminis
738 2599 832 2655 per
874 2583 1009 2655 quod
1054 2580 1213 2637 effluit
1237 2625 1252 2653 ,
1295 2594 1380 2637 aut
1422 2583 1675 2655 Vtriusque
1718 2582 1933 2645 eandem
1956 2578 2050 2634 effe
2071 2576 2208 2632 Dia-

437 2680 709 2740 metrum3
764 2668 841 2723 sed
887 2668 1149 2741 cognitum
1204 2666 1359 2724 hodie
1413 2669 1486 2724 est
1513 2711 1531 2740 ‚
1584 2683 1772 2722 venam
1839 2679 2048 2735 aqueam
2111 2676 2207 2733 per

439 2750 670 2805 foramen
728 2768 757 2806 e
800 2752 916 2807 vale
971 2765 1328 2825 erumpentem
1383 2751 1616 2808 contrahi
1667 2747 1950 2803 sensibiliter
2001 2764 2120 2802 cum
2176 2761 2210 2799 e

444 2831 692 2913 foramine
734 2839 860 2897 exiit
888 2856 905 2916 5
949 2854 1102 2914 quam
1144 2854 1316 2899 venae
1361 2834 1732 2899 contramonem
1774 2830 2067 2915 Newtonus
2105 2831 2213 2908 pri-

2090 2931 2210 2980 mus
