2378 3564
233 211 292 299 Ἀ
335 232 575 297 MOTV
616 194 829 295 [γεῖς’
870 226 1327 296 SVCCESSIVO
1368 225 1796 297 'ORIVNTVR
1827 235 1839 245 ·
1875 237 1990 306 169

229 402 468 463 ternpore
513 406 609 457 24.
646 388 880 444 horarum
937 391 1386 460 circumagerentur
1422 434 1437 460 ,
1494 406 1577 444 eae
1644 406 1769 462 quae
1831 390 1996 461 magis

226 475 460 530 distarent
502 493 654 547 quam
720 488 747 540 5
759 483 962 540 91287
1035 474 1430 528 semidiametros
1496 488 1653 529 terrae
1720 475 1991 547 nequidem

224 559 515 633 conspicuae
560 562 720 614 forent
746 602 760 628 ,
804 558 902 612 hoc
947 557 1016 610 est
1060 572 1181 627 quae
1224 560 1383 609 tricies
1429 562 1587 626 magis
1631 560 1784 610 effent
1822 575 1993 611 remo-

221 655 302 698 tae
344 662 496 716 quam
542 644 646 698 sol:
692 660 759 696 ex
803 659 903 714 quo
948 659 1010 694 ne
1056 641 1199 694 vnica
1246 642 1454 712 quidem
1511 640 1643 695 stella
1711 640 1811 695 fixa
1874 642 1993 696 esset

220 728 508 802 conspicua(

374 807 422 871 ξ.
456 825 554 878 35.
599 809 894 883 Videbimus
938 821 1108 864 autem
1155 826 1264 863 rem
1314 808 1462 883 longe
1507 810 1647 863 aliter
1691 810 1735 864 se
1772 810 1866 865 effe
1892 809 1985 865 ha-

213 897 462 967 bituram,
504 899 539 952 fi
583 910 739 949 terrae
785 908 990 949 motum
1033 895 1163 947 circa
1209 911 1393 963 axem,
1439 895 1668 949 sideribus
1694 913 1816 949 vero
1841 898 1984 968 quie-

213 995 318 1036 tem
367 983 682 1051 tribuamus,
727 980 952 1051 quamuis
998 979 1174 1050 primo
1217 980 1395 1032 iutuitu
1440 979 1615 1033 ssmilssa
1669 979 1980 1050 phaenome-

211 1083 274 1121 na
317 1069 537 1121 accidere
580 1067 764 1121 debere
815 1066 1091 1117 videantur.
1195 1063 1374 1131 Neque
1433 1079 1557 1114 vero
1624 1063 1719 1116 hoc
1792 1064 1981 1118 mirum

210 1153 463 1206 videbitur
488 1195 501 1220 ,
548 1151 581 1203 fi
626 1149 753 1201 hanc
798 1164 905 1199 rem
950 1145 1181 1197 attentius
1226 1147 1636 1215 perpendamus3
1680 1146 1797 1197 licet
1835 1149 1980 1200 enim

206 1235 342 1291 saluis
383 1236 570 1307 legibus
611 1245 664 1285 et
707 1230 888 1300 regulis
934 1226 1242 1282 mechanicis
1287 1226 1512 1282 vniuerso
1563 1229 1759 1282 cuidam
1832 1228 1981 1297 syste«

204 1322 333 1376 mati
379 1334 652 1389 corporum
680 1359 695 1385 ,
741 1328 944 1368 motum
992 1313 1305 1386 aequabilem
1354 1315 1407 1368 in
1432 1314 1676 1368 diree'tum
1706 1314 1980 1385 imprime-

206 1423 298 1473 re,
344 1405 410 1456 ita
439 1446 453 1472 ,
500 1415 556 1456 vt
601 1400 668 1457 nil
713 1401 764 1453 in
812 1399 1174 1470 phaenomenis
1239 1409 1464 1477 mutetur
1492 1441 1506 1468 ,
1533 1412 1583 1452 at
1630 1399 1715 1453 vel
1768 1412 1975 1456 motum

200 1487 571 1561 inaequabilem
616 1485 696 1540 vel
739 1487 1071 1540 curuilineum
1119 1485 1335 1538 tribuere
1383 1484 1601 1537 m²nime
1658 1484 1790 1536 licet.
1880 1484 1972 1541 Ex

204 1591 308 1647 quo
350 1571 663 1626 manifestum
717 1569 828 1638 est,
878 1569 1045 1623 casum
1092 1571 1325 1623 maxime
1371 1568 1631 1622 immutari
1660 1611 1678 1638 2
1717 1567 1751 1624 fi
1796 1580 1974 1624 motus

202 1657 452 1711 circularis
475 1698 488 1721 ,
515 1671 667 1725 quem
695 1653 942 1725 speetator
985 1653 1198 1724 habeat,
1224 1653 1533 1708 transferatur
1557 1654 1614 1707 ad
1640 1652 1792 1722 astra,
1818 1655 1970 1727 iisque

199 1753 374 1795 motus
415 1739 668 1794 circulares
692 1782 706 1806 ,
750 1740 940 1793 eodem
986 1754 1222 1810 tempore
1246 1739 1510 1811 periodico
1534 1737 1813 1792 absoluendi
1842 1783 1856 1808 ,
1881 1741 1970 1795 ad-

198 1825 490 1879 iudicentur.
582 1824 699 1880 Tali
742 1838 914 1878 autem
958 1824 1225 1898 illegitima
1270 1822 1589 1880 translatione
1633 1837 1805 1880 motus
1845 1826 1968 1882 lucis

191 1909 511 1982 potissimum
558 1912 835 1981 perturbari
877 1911 1042 1966 debet.

353 1995 399 2059 §.
431 1999 523 2056 36.
573 1994 828 2049 Ponamus
869 1997 1017 2068 igitur
1061 1995 1395 2070 speetatorem
1441 1997 1488 2051 in
1538 1999 1590 2053 A
1635 1998 1960 2053 constitutum
2004 2028 2169 2076 ‘raum

192 2080 490 2151 promoueri
533 2080 777 2135 continuo
821 2096 913 2150 per
955 2083 1300 2153 peripheriam
1348 2084 1516 2137 circuli
1570 2081 1747 2138 ABD
1774 2128 1788 2153 ‚
1831 2085 1936 2138 cele
2031 2083 2094 2138 fig·
2126 2099 2173 2139 9·

191 2165 337 2216 ritate
380 2177 514 2218 tanta
539 2209 552 2234 ‚
597 2182 692 2236 qua
732 2178 973 2237 tempore
1020 2168 1167 2222 vnius
1212 2169 1396 2221 minuti
1443 2167 1637 2223 secundi
1678 2169 1896 2224 absoluat
1928 2187 1962 2225 r

189 2248 583 2302 stmidiametros
626 2263 803 2304 terrae.
893 2248 1110 2324 Concipi
1156 2252 1345 2310 scilicet
1363 2253 1527 2324 potest
1550 2253 1958 2318 circul-usABD

187 2345 426 2403 tanquam
465 2334 717 2403 parallelus
749 2348 907 2390 terrae
943 2339 1026 2409 qui
1065 2337 1222 2410 spatio
1247 2339 1344 2393 diei
1370 2339 1539 2393 fiderei
1563 2338 1638 2394 stu
1669 2357 1764 2408 23.
1796 2340 1956 2412 hori5‚

198 2413 294 2484 56‘
346 2409 432 2484 4ss
479 2418 612 2471 circa
675 2437 832 2473 axem
901 2423 1182 2476 reuoluatur
1256 2426 1318 2476 ab
1387 2425 1650 2491 occidente
1696 2428 1750 2479 in
1794 2428 1959 2479 orien-

189 2516 324 2571 tem,
371 2503 470 2571 ita,
514 2515 573 2555 vt
617 2503 862 2573 punstum
910 2505 959 2558 E
1003 2507 1268 2576 spectatori
1297 2506 1456 2560 versus
1500 2512 1748 2563 orientem
1794 2510 1854 2563 sit
1893 2510 1953 2563 fi-

188 2599 319 2640 tum.
369 2587 580 2641 Ponatur
625 2589 813 2642 cosmus
855 2587 1139 2643 eleuationis
1184 2592 1316 2662 poli,
1362 2608 1487 2661 quae
1530 2592 1790 2662 respondet
1835 2593 1954 2647 loco

185 2673 468 2743 spectatoris
511 2673 564 2724 in
608 2672 684 2742 A,
712 2691 784 2726 z
791 2684 828 2746 p
858 2717 870 2742 ‚
918 2675 1079 2746 pofito
1113 2675 1213 2728 sinu
1247 2688 1360 2727 toto
1395 2688 1542 2747 atque
1585 2676 1954 2733 semidiametro

191 2773 347 2813 terrae
415 2775 491 2810 Ξ
523 2774 548 2807 1
582 2799 596 2826 ‚
637 2758 734 2810 erit
768 2768 808 2831 p
832 2774 907 2810 :2
972 2758 1348 2814 limidi-ametro
1413 2762 1632 2831 paralleli
1678 2766 1729 2817 A
1756 2759 1801 2816 C
1825 2805 1840 2832 ,
1885 2781 1952 2820 ex

188 2859 288 2917 quo
332 2841 728 2899 circumferentia
798 2842 1019 2919 paralleli
1065 2845 1158 2898 erit
1203 2863 1278 2900 z
1331 2862 1363 2897 2
1394 2865 1437 2902 π
1456 2858 1495 2922 p
1519 2891 1533 2918 ‚
1607 2865 1757 2921 quam
1830 2866 1950 2905 cum

272 2927 409 2984 Tom.
456 2927 570 2985 XI.
1036 2927 1092 2984 Y
1755 2933 1947 3008 speeta-
