2378 3564
510 211 626 265 282
719 191 1045 258 DISSERT.
1102 191 1210 253 DE
1254 190 1640 253 MACHINIS
1687 196 1825 258 SIM
1828 196 2119 262 PLICIBV
2113 197 2174 258 S.

504 354 770 411 acciderit:
818 349 1001 405 necesse
1046 347 1116 404 est
1142 391 1156 420 ‚
1216 357 1274 401 vt
1319 361 1498 401 omnes
1542 358 1637 401 tres
1682 353 1936 419 potentiae
1981 351 2260 427 applicatae
2368 400 2371 403 Α

503 442 596 497 sint
640 440 725 494 vni
768 437 1033 508 eidemque
1093 432 1328 507 punc't03
1384 434 1519 506 quod
1572 433 1609 489 si
1635 447 1757 487 'non
1801 433 1889 488 fiat
1914 480 1929 506 ,
1968 440 2141 494 Vectis
2183 455 2262 494 re·
2315 504 2323 508 ⁴,

503 526 648 579 dibit.
737 525 883 600 Quae
929 521 1188 594 potentiae
1244 520 1435 592 igitur,
1495 518 1530 573 si
1583 519 1669 575 vni
1725 511 1940 592 punc'to
1969 521 2059 576 sint
2102 523 2268 597 appli-
2341 577 2352 589 s

507 622 646 665 eatae
675 653 690 680 ,
748 620 980 681 poterunt
1035 623 1209 661 earum
1264 607 1388 660 duae
1440 605 1693 678 componi
1749 606 1802 659 in
1853 620 2013 659 Vnam
2041 648 2056 675 ‚
2111 624 2265 678 quam

335 708 419 763 rig.
447 717 488 750 2.
510 694 886 769 repraesentabo
928 710 1018 765 per
1062 692 1253 747 rec'tam
1299 691 1390 745 EF
1415 734 1430 761 ,
1481 707 1606 764 quae
1663 689 1763 745 sola
1802 690 2012 746 duarum
2058 690 2266 749 aliarum

509 799 616 839 non
659 779 1000 851 expressarum
1047 778 1105 831 fit
1146 774 1471 846 aequiualens.
1559 776 1849 834 Resoluatur
1891 777 2021 831 haec
2064 776 2169 833 EF
2213 777 2267 832 in

506 868 626 920 duas
672 859 776 917 EG
817 874 870 914 et
914 859 1015 915 ΕΗ
1040 902 1055 929 ,
1102 875 1312 931 quarum
1358 858 1440 912 illa
1479 859 1538 914 sit
1580 862 2005 933 perpendicularis
2044 864 2097 918 in
2141 861 2269 919 latus

506 949 560 1003 T
561 947 774 1019 rianguli
817 942 920 1000 AB
948 989 962 1016 ,
1015 957 1066 999 et
1126 943 1252 1000 haec
1308 959 1426 997 cum
1482 944 1637 1000 latere
1680 943 1792 1000 AB
1833 948 2116 1004 coincidat:
2164 948 2270 1003 eui-

499 1034 619 1092 dens
660 1032 729 1086 est
753 1076 767 1102 ,
811 1032 848 1088 fi
890 1030 1224 1102 Triangulum
1281 1028 1508 1084 fiirmum
1562 1030 1620 1084 fit
1674 1043 1725 1084 et
1768 1033 2037 1088 immobile
2087 1043 2270 1106 poten·
2365 1043 2368 1045 ·

499 1121 686 1175 riarum
729 1119 944 1189 aliquam
990 1129 1186 1187 partem
1213 1159 1228 1185 ,
1271 1131 1462 1187 nempe
1508 1110 1611 1170 EG
1655 1115 1899 1172 absorberi
1955 1136 1984 1173 a
2027 1117 2270 1174 firmitate

501 1202 742 1260 obstaculi
799 1202 944 1256 huius
1000 1199 1280 1255 immobilis
1303 1241 1319 1269 ,
1374 1211 1427 1252 et
1474 1200 1834 1274 consequenter
1882 1203 1945 1259 ad
1990 1205 2270 1278 producen-

505 1289 631 1344 dum
679 1285 1023 1360 aequilibrium
1080 1286 1211 1340 inter
1266 1296 1371 1340 tres
1423 1281 1512 1338 has
1554 1289 1800 1356 potentias
1841 1291 2021 1358 requiri
2062 1289 2270 1344 vnicam

511 1388 637 1443 quae
682 1372 740 1424 fit
782 1370 1009 1440 expreffi
1052 1386 1143 1440 per
1184 1368 1280 1422 ΕΙ,
1306 1410 1321 1436 ,
1377 1380 1430 1421 et
1472 1370 1684 1438 aequalis
1724 1369 1816 1441 ipsi
1861 1371 1972 1424 ΕΗ
2000 1415 2014 1441 ,
2058 1373 2158 1427 hoc
2200 1372 2272 1427 est

512 1455 682 1510 minor
726 1469 879 1525 quam
927 1451 1033 1505 EF.
1136 1449 1265 1506 Non
1322 1450 1488 1502 minus
1543 1463 1716 1503 autem
1770 1466 1908 1522 patet
1950 1470 2149 1527 quoque
2174 1499 2188 1526 ‚
2234 1456 2271 1511 fi

507 1540 563 1595 in
605 1538 889 1593 continuata
933 1532 1046 1590 GE
1088 1535 1314 1607 capiatur
1359 1530 1445 1588 EI
1505 1533 1677 1587 minor
1720 1550 1874 1605 quam
1917 1533 2032 1590 EG
2058 1579 2074 1605 ‚
2128 1549 2274 1608 atque

508 1641 576 1683 ex
619 1623 714 1680 EL
759 1639 922 1695 exque
967 1621 1060 1677 hac
1107 1619 1181 1676 EI
1221 1629 1566 1692 componatur
1607 1634 1740 1673 noua
1785 1618 1932 1674 EK:
1974 1619 2081 1674 fore
2124 1632 2182 1674 vt
2223 1637 2272 1674 e-

507 1712 634 1766 tiam
682 1710 806 1765 haec
851 1708 959 1763 ΕΚ
1007 1706 1347 1779 aequilibrium
1401 1704 1557 1759 seruet
1609 1721 1729 1759 cum
1771 1705 1961 1760 duabus
2000 1703 2104 1761 EF
2129 1748 2146 1775 ,
2201 1702 2280 1760 sed

507 1812 614 1851 non
659 1813 722 1851 eo
763 1794 1080 1867 compendio
1121 1792 1257 1865 quod
1301 1804 1418 1845 ante
1461 1789 1553 1845 fuit
1577 1833 1592 1860 ,
1637 1807 1755 1846 cum
1798 1791 1904 1846 iam
1947 1789 2045 1846 ΕΚ
2087 1790 2146 1846 fit
2171 1806 2281 1845 ma·

512 1882 597 1937 ior
638 1899 794 1955 quam
839 1879 946 1937 EL
974 1923 989 1950 ‚
1036 1894 1197 1951 neque
1239 1876 1360 1933 latus
1404 1874 1506 1931 AB
1549 1893 1707 1930 omne
1762 1876 1812 1931 id
1852 1876 1988 1949 quod
2030 1875 2141 1931 fieri
2186 1890 2274 1946 po-

517 1968 614 2022 test
666 1967 941 2022 absorbeat.
1044 1965 1251 2019 Vocatis
1302 1962 1452 2035 igitur
1505 1963 1604 2017 EF
1630 1980 1700 2016 z
1721 1971 1796 2035 p,
1868 1973 1922 2015 et
1975 1960 2082 2015 ΕΚ
2106 1978 2181 2014 :t
2205 1975 2277 2033 q,

516 2054 612 2107 erit
656 2054 707 2106 in
750 2053 1001 2124 triangulo
1042 2048 1337 2121 rec‘tangulo
1379 2045 1546 2101 EHF
1573 2089 1587 2115 ‚
1618 2046 1740 2099 finus
1762 2056 1897 2099 totus
1920 2042 2031 2120 (1):
2059 2046 2162 2101 EF
2201 2041 2279 2119 (p)

517 2136 875 2192 :coILHEl⁴
906 2136 1041 2191 :HE
1065 2135 1199 2187 vnde
1222 2132 1476 2202 HEzp
1511 2131 1611 2184 cos.
1630 2129 1828 2202 HEF3
1881 2133 2067 2185 eodem
2116 2130 2281 2185 modo

517 2223 700 2277 eruitur
723 2224 774 2276 in
799 2220 1044 2293 triangulo
1066 2217 1354 2289 rec‘tangulo
1378 2215 1571 2282 ELK,
1598 2216 1723 2270 finus
1760 2228 1893 2270 totus
1929 2213 2007 2291 (Ι)
2037 2237 2048 2271 ι
2075 2215 2180 2271 ΕΚ
2206 2208 2282 2288 (q)

516 2325 591 2362 z
615 2297 712 2361 cos.
743 2305 909 2361 KEL
935 2325 945 2358 ι
973 2304 1079 2360 EL
1106 2304 1234 2357 vnde
1258 2301 1354 2356 ΕΙ,
1378 2319 1452 2356 z
1478 2317 1524 2373 q.
1577 2298 1690 2355 Cos
1720 2300 1886 2356 KEL
1914 2320 1929 2372 ς
1956 2318 2076 2357 cum
2115 2303 2282 2373 itaque

515 2381 806 2465 pro'Onere
834 2434 848 2460 ,
885 2390 1080 2445 dabitur
1116 2386 1339 2459 analogia
1362 2388 1415 2441 V
1443 2409 1453 2442 z
1479 2386 1531 2441 Ο
1556 2404 1630 2439 τ.-
1667 2386 1767 2441 cos.
1810 2386 1921 2442 HE
1939 2387 2008 2458 F:
2049 2386 2148 2442 cos.
2177 2385 2281 2441 ΕΗ

521 2490 573 2532 et
599 2476 696 2532 EL
721 2476 814 2530 sint
837 2477 963 2530 inter
987 2474 1033 2528 se
1058 2474 1281 2546 aequales
1308 2491 1323 2545 3
1354 2472 1645 2544 ponendum
1683 2473 1775 2526 erit
1795 2482 1847 2546 p.
1895 2469 2011 2527 Cos.
2040 2471 2182 2526 HEF
2203 2483 2278 2522 z

520 2578 570 2636 q.
602 2559 719 2617 Cos.
745 2561 890 2617 KEL
915 2547 1039 2630 'fvel
1064 2561 1098 2615 si
1125 2575 1157 2632 q
1182 2559 1455 2631 accipiatur
1475 2575 1574 2629 pro
1595 2557 1663 2611 Vi
1691 2602 1706 2628 ,
1730 2571 1783 2612 et
1796 2568 1838 2632 p
1862 2561 2127 2630 requiratur
2151 2594 2166 2621 ,
2190 2546 2295 2623 {vt

521 2647 586 2702 ad
611 2647 955 2720 aequilibrium
990 2644 1309 2701 efficiendum
1338 2644 1464 2698 solae
1491 2642 1633 2704 KEL
1664 2661 1678 2713 3
1729 2644 1812 2695 vel
1837 2638 2036 2695 demiffit
2061 2650 2279 2708 perpen-

524 2744 725 2798 diculari
750 2741 872 2797 AD
896 2743 948 2795 in
972 2737 1250 2811 latusBC‚
1296 2741 1389 2792 erit
1413 2739 1502 2791 V:
1543 2737 1594 2791 O
1618 2756 1689 2790 z:
1713 2720 1810 2805 {3}ss
1856 2731 1951 2786 cos.
2000 2729 2165 2788 KEL
2198 2747 2277 2786 :z

529 2824 632 2883 BD
662 2847 673 2882 2
699 2825 818 2884 AB.
859 2826 957 2884 cos.
981 2824 1155 2884 KEL
1181 2867 1197 2897 2
1243 2824 1278 2880 fi
1318 2821 1431 2879 AD
1454 2820 1602 2878 duc‘t‘a
1626 2818 1890 2892 accipiatur
1912 2834 2010 2894 pro
2032 2816 2158 2874 linea
2181 2817 2274 2873 ho-

2113 2918 2282 2962 rizon-
