2378 3564
409 270 522 336 368
718 250 1192 317 OCCVLTATIO
1237 250 1587 313 PALILICII
1624 252 1679 314 A
1724 254 1951 319 LVNA.

405 417 455 471 in
501 415 602 469 hoc
648 411 806 484 spatio
848 412 983 467 amb
1025 412 1213 466 retInae
1258 407 1488 464 conciliat
1542 418 1748 462 motum
1790 408 2158 482 vibratorium{

405 500 482 554 cui
524 495 728 552 sensatio
770 498 1058 551 intensitatis
1101 497 1303 550 luminis
1344 492 1652 565 responden,
1697 504 1749 545 et
1791 490 1914 545 haec
1955 509 2019 546 eo
2050 511 2164 549 ma·

404 585 483 640 ior
523 584 592 638 est
618 627 632 651 ,
691 598 794 653 quo
841 581 1021 636 fortior
1064 581 1133 635 est
1175 581 1263 635 iste
1307 593 1491 633 motus,
1595 577 1696 631 Hic
1752 577 1938 630 retinae
1994 589 2163 632 motus

405 670 532 724 intra
576 669 788 740 spatium
836 667 971 721 amb
996 710 1010 735 ‚
1067 667 1120 720 in
1162 682 1263 738 quo
1315 663 1700 736 repraesentatio
1754 661 1815 714 fit
1841 703 1855 729 ‚
1918 661 2164 715 contineri

407 757 620 826 nequit,
675 751 758 806 sed
812 753 873 806 ad
932 763 1096 823 partes
1144 751 1328 804 retinae
1385 750 1663 803 adiacentes
1716 757 2020 818 propagatur
2043 788 2060 814 ‚
2113 757 2166 800 et

407 838 688 894 recedendo
730 854 757 889 a
785 836 943 904 spatio
984 834 1431 905 repraesentationis
1470 834 1604 889 amb
1648 833 1888 908 continuo
1911 828 2168 902 decrescit,

407 925 568 979 donec
611 917 877 972 euanescat.
980 915 1237 989 Descripti
1289 918 1381 971 sint
1437 918 1564 972 circa
1616 917 1801 977 distum
1844 916 1974 970 Iouis
2013 917 2166 986 amb,

404 1006 571 1072 circuli
621 1004 720 1072 cd,
764 1002 859 1076 ef,
892 1001 1015 1074 gh,
1063 1002 1124 1058 ik
1166 1015 1264 1055 etc.
1320 1002 1455 1064 disco
1506 1003 1807 1057 concentrici
1875 1001 1936 1055 ad
1987 1001 2168 1071 exigua
2215 1048 2225 1057 .

411 1090 664 1146 interualla
689 1131 704 1157 ‚
749 1087 881 1142 hunc
932 1089 982 1141 in
1032 1087 1191 1143 finem
1219 1130 1234 1155 ‚
1292 1098 1352 1140 vt
1404 1088 1456 1140 in
1516 1088 1716 1142 istorum
1758 1085 2053 1158 peripheriis
2094 1085 2172 1139 di-

407 1175 568 1229 versos
607 1173 783 1246 gradus
825 1184 995 1226 motus
1048 1190 1075 1226 a
1119 1171 1280 1242 spatio
1336 1170 1797 1245 repraesentationis
1849 1188 1952 1227 am
1974 1170 2007 1224 b
2049 1187 2167 1241 pro-

412 1261 582 1332 pagati
628 1257 921 1329 distinguere
966 1255 1219 1328 possimus.
1317 1255 1435 1309 Hoc
1493 1257 1650 1327 pacto
1701 1269 1873 1312 motus
1899 1300 1915 1325 ‚
1971 1255 2057 1328 qui
2097 1254 2170 1310 est

408 1344 463 1398 in
508 1343 668 1414 spatio
713 1342 851 1396 amb
906 1341 1263 1412 propagabitur
1319 1341 1545 1393 eiusdem
1604 1341 1704 1393 fere
1745 1342 2035 1396 intensitatis
2078 1356 2172 1412 per

409 1443 595 1480 zonam
663 1427 794 1476 inter
837 1425 1142 1492 peripherias
1185 1425 1262 1475 cd
1283 1463 1299 1489 ,
1356 1423 1433 1474 ab
1477 1433 1773 1476 contentam
1806 1442 1821 1492 3
1887 1441 2009 1492 quae
2052 1442 2170 1494 pro-

403 1509 521 1564 inde
568 1523 696 1560 zona
740 1522 891 1576 aeque
934 1503 1180 1558 luminosa
1225 1504 1487 1574 apparebit
1513 1544 1527 1569 ,
1572 1519 1629 1554 ac
1673 1505 1822 1555 discus
1858 1505 1993 1559 Iouis
2014 1509 2168 1575 amb,

407 1593 509 1648 hoc
552 1591 658 1660 est,
716 1602 926 1661 propter
978 1588 1183 1642 luminis
1232 1586 1569 1641 intensitatem
1624 1584 1774 1638 discus
1818 1583 1953 1638 Iouis
2005 1591 2168 1641 maior

403 1688 614 1750 apparet
639 1719 653 1744 ,
707 1692 764 1728 ac
819 1690 987 1729 reuera
1033 1673 1149 1745 est3
1207 1674 1400 1727 videtur
1452 1670 1632 1724 scilicet
1690 1669 1773 1723 sub
1829 1669 2176 1740 magnitudine

404 1761 574 1817 circuli
617 1760 737 1816 end
758 1803 772 1829 ,
813 1776 932 1813 cum
975 1756 1126 1813 discus
1181 1757 1544 1812 tantummodo
1601 1751 1998 1826 magnitudinem
2038 1751 2174 1808 amb

413 1846 610 1902 habeat.
696 1843 759 1899 In
802 1861 932 1899 zona
974 1845 1106 1898 inter
1149 1842 1455 1916 peripherias
1493 1839 1597 1915 ef,
1663 1841 1740 1894 cd
1778 1838 1936 1910 posita
1983 1838 2175 1908 minor,

414 1933 561 1988 datur
600 1931 778 2003 gradus
822 1942 993 1984 motus
1032 1931 1217 1983 retinae
1243 1972 1258 1998 ,
1303 1928 1436 1982 vnde
1480 1939 1530 1981 et
1573 1923 1776 1978 sensatio
1798 1924 2028 1994 luminiS,
2052 1939 2174 1996 quae

417 2017 536 2072 huic
578 2018 744 2071 motui
791 2014 1091 2087 respondet,
1150 2016 1322 2068 minor
1363 2014 1497 2082 erit,
1550 2011 1652 2065 hoc
1705 2009 1776 2063 est
1817 2010 1942 2064 circa
1987 2009 2194 2063 discum·

413 2100 554 2156 Iouis
595 2099 676 2154 iub
719 2101 908 2154 circulo
958 2099 1082 2154 end
1131 2113 1483 2171 apparentem,
1526 2095 1811 2149 videbimus
1852 2093 2024 2146 lumen
2079 2093 2172 2146 cir-

415 2183 723 2256 cumfusum,
773 2185 981 2238 minoris
1025 2197 1202 2237 tamen
1248 2182 1577 2249 intenfitati5‚
1622 2194 1775 2248 quam
1817 2178 1869 2230 in
1910 2176 2042 2230 disco
2065 2174 2176 2248 ipso

421 2283 472 2324 et
511 2271 574 2325 ab
613 2270 712 2324 hoc
756 2271 914 2340 probe
959 2267 1382 2338 distinguendum.
1484 2266 1544 2320 In
1601 2262 1809 2334 sequenti
1863 2275 1993 2314 zona
2047 2262 2176 2316 inter

420 2354 726 2427 peripherias
757 2352 874 2424 gh,
920 2370 946 2406 e
945 2352 994 2428 f
998 2394 1013 2419 ‚
1068 2352 1227 2405 adhuc
1287 2352 1457 2404 minor
1509 2347 1701 2402 dabitur
1762 2346 1952 2400 retinae
2006 2359 2177 2400 motus

416 2440 589 2496 lumen
645 2454 841 2510 quoque
902 2438 1110 2491 minoris
1159 2434 1445 2488 intensitatis
1498 2434 1565 2487 ibi
1621 2433 2081 2503 animaduertetur3
2126 2440 2177 2484 et

417 2526 483 2580 fic
527 2540 685 2596 porro
729 2540 819 2594 per
863 2522 1039 2595 gradus
1090 2520 1333 2575 contiuuo
1387 2521 1638 2574 minuetur
1678 2530 1848 2571 motus
1897 2518 2081 2571 retinae
2123 2526 2178 2569 et

420 2611 590 2666 minor
643 2623 840 2681 quoque
894 2607 1097 2661 luminis
1145 2604 1345 2659 sensatio
1400 2607 1493 2659 erit
1517 2648 1532 2676 ,
1586 2605 1762 2680 &donec
1816 2601 1943 2657 haec
1997 2598 2175 2656 alicubi

417 2694 577 2750 cesset.

576 2776 626 2832 Si
669 2779 876 2833 circulus
930 2779 1086 2835 amb
1124 2777 1345 2832 sumatur
1389 2795 1487 2850 pro
1527 2776 1656 2831 disco
1696 2776 1835 2830 lunae
1859 2816 1875 2842 ,
1921 2768 2054 2824 dic‘ta
2097 2777 2174 2821 et-

425 2861 529 2917 iam
573 2864 635 2919 de
676 2863 804 2929 lunav
832 2865 1062 2920 valebunt
1091 2880 1108 2936 3
1153 2864 1256 2916 eius
1290 2862 1442 2918 discus
1485 2864 1652 2917 maior
1683 2857 1940 2930 apparebit
1965 2864 2175 2926 propter

2003 2949 2164 2994 inten-
